@book{Abelson85, 
author={ Harold Abelson  and  Gerald Jay Sussman  }, 
title={  Structure and Interpretation of Computer Programs  }, 
publisher={  MIT Press  }, 
year={  1985 
 }} 
 
@book{Aho83, 
author={ Alfred V. Aho  and  John E. Hopcroft  and  Jeffrey E. Ullman  }, 
title={  Data Structures and Algorithms  }, 
publisher={  Addison-Wesley  }, 
series={  Computer Science and Information Processing  }, 
year={  1983 
 }} 
 
@article{Ait-Kaci86, 
author={ Hassan Ait-Kaci  and  Roger Nasr  }, 
title={  Login: A Logic Programming Language with Built-in Inheritance  }, 
journal={  Journal of Logic Programming  }, 
volume={  3  }, 
pages={  185--215  }, 
year={  1986 
 }} 
 
@inproceedings{Alchourron89, 
author={ Carlos E. Alchourron  and  Antonio E. Martino  }, 
title={  Logic Without Truth  }, 
booktitle={  Proceedings of the Conference on Expert Systems in Law  }, 
address={  Bologna  }, 
month={  May  }, 
year={  1985  }, 
private={  Proposes a solution to Jorgensen's Paradox in which a logic of norms is possible, without a truth-valued semantics, by arguing that the notion of logical consequence is primitive. 
 }} 
 
@inproceedings{Alchourron89b, 
author={ Carlos E. Alchourron  and  Eugenio Bulygin }, 
title={  Limits of Logic and Legal Reasoning }, 
editor={ Antonio A. Martino }, 
booktitle={  Logica, Informatica, Diritto }, 
organization={  Consiglio Nazionale delle Ricerche }, 
address={  Florence }, 
year={  1989
 }} 
 
@book{Alexy78, 
author={ Robert Alexy }, 
title={  Theorie der juristischen Argumentation }, 
publisher={  Suhrkamp Verlag }, 
address={  Frankfurt am Main }, 
year={  1978
 }} 
 
@article{Allen57, 
author={ Layman E. Allen }, 
title={  Symbolic Logic: A Razor-Edged Tool for Drafting and
Interpreting Legal Documents }, 
journal={  The Yale Law Journal }, 
volume={  66 }, 
year={  1957
 }} 
 
@article{Allen60, 
author={ Layman E. Allen }, 
title={  Deontic Logic }, 
journal={  Modern Uses of Logic in Law }, 
volume={  13 }, 
year={  1960
 }} 
 
@inproceedings{Allen85, 
author={ Layman E. Allen  and  Charles S. Saxon  }, 
title={  Computer Aided Normalizing and Unpacking: Some Interesting Machine-Processable Transformation of Legal Rules  }, 
editor={ Charles Walter  }, 
booktitle={  Computer Power and Legal Reasoning  }, 
publisher={  West  }, 
year={  1985  }, 
pages={  495--572 
 }} 
 
@misc{Allen82, 
author={ Layman E. Allen  }, 
title={  The PLAIN LANGUAGE Game; Legal Writing Made Clear by Structuring it Well  }, 
month={  March  }, 
year={  1982  }, 
private={  Paper presented at the International Workshop on Formal
Methods in Law, GMD 
 }} 
 
@inproceedings{Allen87, 
author={ Laymen E. Allen  and  Charles S. Saxon }, 
title={  Some Problems in Designing Expert Systems to Aid Legal
Reasoning }, 
booktitle={  The First International Conference on Artificial Intelligence
and Law }, 
month={  May }, 
year={  1987 }, 
pages={  94--103
 }} 
 
@inproceedings{Allen89, 
author={ Layman E. Allen  and  Sallyanne Payton  and  Charles S. Saxon  }, 
title={  Sythesizing Related Rules from Statutes and Cases for Legal Expert Systems  }, 
booktitle={  Proceedings of the Conference on Expert Systems in Law  }, 
address={  Bologna  }, 
month={  May  }, 
year={  1985  }, 
private={  Describes a propositional legal expert system generated using AUTOPRO for New Jersey law of criminal homicide. Includes transcript of example session. 
 }} 
 
@inproceedings{Allen89b, 
author={ Layman E. Allen  and  Charles S. Saxon }, 
title={  Relationship of Expert Systems to the Operation of a Legal
System }, 
booktitle={  Pre-proceedings of the III International Conference on Logic,
Informatica, Diritto }, 
address={  Florence }, 
year={  1989
 }} 
 
@inproceedings{Allen91, 
author={ Layman E. Allen  and  Charles S. Saxon }, 
title={  More IA Needed in AI: Interpretation Assistance for Coping
with the Problem of Multiple Structural Interpretations. }, 
booktitle={  Proceedings of the Third International Conference on
Artificial Intelligence and Law }, 
publisher={  ACM }, 
year={  1991 }, 
pages={  53-61
 }} 
 
@article{Allison83, 
author={ Lloyd Allison  }, 
title={  Programming Denotational Semantics  }, 
journal={  Computer Journal  }, 
volume={  26  }, 
number={  2  }, 
pages={  164--174  }, 
year={  1983  }, 
private={  Describes how to code denotational semantics in Pascal. 
 }} 
 
@unpublished{Alschwee84, 
author={ Brigitte Alschwee  and  Stefan Grundmann  }, 
title={  System Design for a Computer-Aided Juridical Expert System  }, 
year={  1984  }, 
note={  re the LEX project at IBM, Heidelberg 
 }} 
 
@article{Alvarado90a, 
author={ Sergio J. Alvarado  and  Michael G. Dyer  and  Margot Flowers }, 
title={  Argument Representation for Editorial Text }, 
journal={  Knowledge-Based Systems }, 
volume={  3 }, 
number={  2 }, 
pages={  87-107 }, 
year={  1990
 }} 
 
@article{Alvarado90b, 
author={ Sergio J. Alvarado  and  Michael G. Dyer  and  Margot Flowers }, 
title={  Argument Comprehension and Retrieval for Editorial Text }, 
journal={  Knowledge-Based Systems }, 
volume={  3 }, 
number={  3 }, 
pages={  130-162 }, 
year={  1990 }, 
private={  Describes OpEd, a system which answers questions about
editorials. Uses a ``demon-based conceptual parser''. Arguments are
modeled by Argument Units (AUs), which express ``support and attack
relationships among beliefs, where the content of each belief refers
to goal/plan situations''.  The idea that arguments concern beliefs
relative to goals in plans seems attractive, but the implementation appears
rather ad hoc.
 }} 
 
@inproceedings{Ashley89, 
author={ Kevin D. Ashley }, 
title={  Toward a Computational Theory of Arguing with Precedents:
Accomodating Multiple Interpretations of Cases }, 
booktitle={  The Second International Conference on Artificial
Intelligence and Law }, 
organization={  ACM }, 
month={  June }, 
year={  1989 }, 
pages={  93--102

 }} 
 
@inproceedings{Ammann84, 
editor={ Armann  and  Urs  }, 
title={  Programmiersprachen und Programmentwicklung  }, 
organization={  GI  }, 
publisher={  Springer-Verlag  }, 
month={  March  }, 
year={  1984 
 }} 
 
@book{Anderson81, 
author={ Ronald A. Anderson  }, 
title={  On the Uniform Commercial Code  }, 
publisher={  Lawyers Co-operative  }, 
volume={  1  }, 
year={  1982 
 }} 
 
@book{Arnold84, 
editor={ C. Arnold  }, 
title={  Yearbook of Law, Computers \& Technology  }, 
publisher={  Leicester Polytechnic  }, 
volume={  1  }, 
year={  1984 
 }} 
 
@book{Arnold86, 
editor={ C. Arnold  }, 
title={  Yearbook of Law, Computers \& Technology  }, 
publisher={  Butterworths  }, 
volume={  2  }, 
year={  1986 
 }} 
 
@book{Arnold87, 
editor={ C. Arnold  }, 
title={  Yearbook of Law, Computers \& Technology  }, 
publisher={  Butterworths  }, 
volume={  3  }, 
year={  1987 
 }} 
 
@misc{Atari86, 
key={  Atari  }, 
title={  Atari ST-Serie, Software \"{U}bersicht  }, 
month={  October  }, 
year={  1986  }, 
howpublished={  Atari Corp. 
 }} 
 
@inproceedings{Baaz87, 
author={ Matthias Baaz  and  Gerald Quirchmayr  }, 
title={  The Application of Multiple Valued Logic in Supporting Legal Decision Making  }, 
booktitle={  Proceedings of the Seventeenth Internatinal Symposium on Multiple-Valued Logic  }, 
address={  Boston  }, 
month={  May  }, 
year={  1987 
 }} 
 
@book{Barr82, 
editor={ Avron Barr  and  Edward A. Feigenbaum  }, 
title={  The Handbook of Artificial Intelligence  }, 
publisher={  Pitman  }, 
volume={  II  }, 
address={  London  }, 
year={  1982 
 }} 
 
@article{Barron89, 
author={ David Barron }, 
title={  Why use SGML? }, 
journal={  Electronic Publishing }, 
volume={  2 }, 
number={  1 }, 
pages={  3-24 }, 
month={  April }, 
year={  1980

 }} 
 
@unpublished{Barthel84, 
author={ Thomas H. Barthel  }, 
title={  Formalisation of the Legal Language and of the Decision Process for Automated Legal Reasoning  }, 
year={  1984  }, 
note={  Critical paper re the effects of computers on the workplace. 
 }} 
 
@unpublished{BenchCapon85, 
author={ Trevor Bench-Capon  and  Marek Sergot  }, 
title={  Towards a rule based representation of open texture in law  }, 
month={  April  }, 
year={  1985  }, 
note={  don't know where this was published, it at all 
 }} 
 
@inproceedings{BenchCapon89, 
author={ Trevor Bench-Capon }, 
title={  Deep Models, Normative Reasoning and Legal Expert Systems }, 
booktitle={  Proceedings of the Second International Conference on
Artificial Intelligence and Law }, 
publisher={  ACM Press }, 
address={  Vancouver }, 
year={  1989
 }} 
 
@inproceedings{BenchCapon91, 
author={ Trevor Bench-Capon  and  Frans Coenen }, 
title={  Expoiting Isomorphism: Development of a KBS to Support British
Coal Insurance Claims }, 
booktitle={  Proceedings of the Third International Conference on
Artificial Intelligence and Law }, 
publisher={  ACM Press }, 
address={  Oxford }, 
year={  1991 }, 
pages={  62-68
 }} 
 
@article{Berman87, 
author={ Donald H. Berman  and  Carole D. Hafner }, 
title={  Indeterminancy: A Challenge to Logic-based Models of Legal Reasoning }, 
journal={  Yearbook of Law, Computers and Technology }, 
volume={  3 }, 
pages={  1--35 }, 
year={  1987
 }} 
 
@inproceedings{Bibel89, 
author={ Wolfgang Bibel  and  Luis Farinas del Cerro  and  Bertram Fronh\"{o}fer  and  Andreas Herzig }, 
title={  Plan Generation By Linear Proofs: On Semantics }, 
editor={ Dieter Metzing }, 
booktitle={  GWAI-89, 13th German Workshop on Artificial Intelligence }, 
address={  Eringerfeld }, 
month={  September  }, 
year={  1989 }, 
pages={  49--62
 }} 
 
@inproceedings{Bilon89, 
author={ Jean Louis Bilon  }, 
title={  A Knowledge Base of Reasoning and Judgements  }, 
booktitle={  Proceedings of the Conference on Expert Systems in Law  }, 
address={  Bologna  }, 
month={  May  }, 
year={  1985  }, 
private={  Project conducted for the French Minister of Justice 
 }} 
 
@inproceedings{Bing89, 
author={ Jon Bing  }, 
title={  Three Generations for Computerized Systems for Public Administration and Some Implications for Legal Decision Making  }, 
booktitle={  Proceedings of the Conference on Expert Systems in Law  }, 
address={  Bologna  }, 
month={  May  }, 
year={  1985  
 }} 
 
@book{Bodenheimer74, 
author={ Edgar Bodenheimer  }, 
title={  Jurisprudence: The Philosophy and Method of the Law  }, 
edition={  Rev.  }, 
publisher={  Harvard Univ. Press  }, 
year={  1974 
 }} 
 
@misc{Bodwin82, 
author={ James Bodwin  and  Laurette Bradley  and  et. al.  }, 
title={  Experience with an Experimental Compiler Generator ased on Denotational Semantics  }, 
year={  1982  }, 
private={  conference paper; need full reference 
 }} 
 
@misc{Bording88, 
author={ J. B\"{o}rding  and  H. W. G\"{u}sgen  and  B. M\"{u}ller  and  A. Vo{\ss}  }, 
title={  Babylon f\"{u}r den Wissensingeniuer  }, 
year={  1988  }, 
note={  WEREX-Bericht Nr. 20, TEX-B-Memo 40-88 
 }} 
 
@article{Boyd81, 
author={ W. Boyd  and  C. Saxon }, 
title={  The A-9: A Program for Drafting Security Agreements under
Article 9 of the Uniform Commercial Code }, 
journal={  American Bar Foundation Research Journal }, 
year={  1981 }, 
private={  volume and number and pages?
 }} 
 
@article{Brachman85, 
author={ Ronald J. Brachman  }, 
title={  ``I lied about the trees'', or, Defaults and Definitions in Knowledge Representation  }, 
journal={  AI Magazine  }, 
volume={  6  }, 
number={  3  }, 
pages={  80--93  }, 
month={  Fall  }, 
year={  1985 
 }} 
 
@article{Brachman85a, 
author={ Ronald J. Brachman  and  James G. Schmolze  }, 
title={  An Overview of the KL-ONE Knowledge Representation System  }, 
journal={  Cognitive Science  }, 
volume={  9  }, 
pages={  171--216  }, 
year={  1985 
 }} 
 
@book{Brachman85b, 
editor={ Ronald J. Brachman  and  Hector J. Levesque  }, 
title={  Readings in Knowledge Representation  }, 
publisher={  Morgan Kaufmann  }, 
year={  1985 
 }} 
 
@misc{Braeuer89, 
author={ Ingo Br\"{a}uer  and  G\"{u}nter Gerl  and  Ulrike vom Hau  and  Detlef L. Kowalewski  and  Susanne Wiefel  and  Josef Schneeberger  and  Andreas Strasser  }, 
title={  KOKON: Konfigurierung von Dokumenten am Beispiel Immobiliarkaufvertr\"{a}ge  }, 
year={  1989 
 }} 
 
@book{Braitenberg86, 
author={ Valentin Braitenberg  }, 
title={  K\"{u}nstliche Wesen  }, 
publisher={  Friedr. Vieweg \& Sohn  }, 
year={  1986 
 }} 
 
@book{Bratko86, 
author={ Ivan Bratko  }, 
title={  Prolog Programming for Artificial Intelligence  }, 
publisher={  Addison-Wesley  }, 
year={  1986 
 }} 
 
@unpublished{Brenner86, 
author={ Harald Brenner  }, 
title={  Zukunftsperspektiven formaler Methoden im Recht  }, 
year={  1986  }, 
note={  Seminar held by Prof. Fritjof Haft 
 }} 
 
@techreport{Brewka, 
author={ Gerhard Brewka  and  Hartmut Freitag }, 
title={  Proceedings of the Workshop on Nonmonotonic Reasoning }, 
institution={  GMD }, 
type={  Arbeitspapier }, 
number={  443 }, 
month={  May }, 
year={  1990
 }} 
 
@techreport{Brewka87, 
author={ Gerhard Brewka  }, 
title={  Nonmonotonic Logics: An Introductory Overview  }, 
institution={  GMD  }, 
type={  Arbeitspapier  }, 
number={  274  }, 
month={  November  }, 
year={  1987 
 }} 
 
@phdthesis{Brewka89, 
author={ Gerhard Brewka }, 
title={  Nonmonotonic Reasoning: From Theoretical Foundation Towards
Efficient Computation }, 
school={  University of Hamburg }, 
year={  1989
 }} 
 
@inproceedings{Brewka89b, 
author={ Gerhard Brewka }, 
title={  Preferred Subtheories: An Extended Logical Framework for
Default Reasoning }, 
booktitle={  Proceedings of the Eleventh International Joint Conference on
Artificial Intelligence }, 
organization={  IJCAI }, 
publisher={  Morgan Kaufmann }, 
month={  August }, 
year={  1989 }, 
pages={  1043--1048
 }} 
 
@techreport{Brooks86, 
author={ Rodney A. Brooks }, 
title={  Achieving Artificial Intelligence Through Building Robots }, 
institution={  MIT  }, 
type={  A.I. Memo }, 
number={  899 }, 
month={  May }, 
year={  1986
 }} 
 
@inproceedings{Brown87, 
editor={ Frank M. Brown  }, 
title={  The Frame Problem in Artificial Intelligence  }, 
address={  Lawrence, Kansas  }, 
month={  April  }, 
year={  1987 
 }} 
 
@book{Brown89, 
author={ David C. Brown  and  B. Chandrasekaran  }, 
title={  Design Problem Solving  }, 
publisher={  Morgan Kaufmann  }, 
year={  1989 
 }} 
 
@book{Bryan88, 
author={ Martin Bryan  }, 
title={  SGML, An Author's Guide to the Standard Generalized Markup Language  }, 
publisher={  Addison-Wesley  }, 
year={  1988 
 }} 
 
@techreport{Budde87, 
author={ Reinhard Budde  and  Karin Kuhlenkamp  and  Karl-Heinz Sylla  and  Heinz Z\"{u}llighoven  }, 
title={  Constructing Interactive Tools for Prolab  }, 
institution={  GMD F2G2  }, 
type={  Interner Bericht  }, 
year={  1987 
 }} 
 
@misc{Budde86, 
author={ Reinhard Budde  }, 
title={  Executable Denotational Semantics in Prolog  }, 
month={  February  }, 
year={  1986  }, 
private={  Prolog source of a denotational semantics for a small imperative language 
 }} 
 
@unpublished{Budde84, 
author={ Reinhard Budde  and  Karl-Heinz Sylla  }, 
title={  Object-Oriented Programming Environments  }, 
month={  May  }, 
year={  1984  }, 
note={  draft version 
 }} 
 
@phdthesis{Budde90, 
author={ Reinhard Budde  and  Heinz Z\"{u}llighoven }, 
title={  Software- Werkzeuge in einer Programmierwerkstatt --- Ans\"{a}tze eines hermeneutisch fundierten Werkzeug- und Machinenbegriffs }, 
school={  Fachbereich Informatik der Technischen Universit\"{a}t Berlin }, 
year={  1990
 }} 
 
@misc{Bundestag88, 
author={ Deutscher Bundestag, Enquete-Kommission Technikfolgen-Absch\"{a}tzung und -Berwertung  }, 
title={  \"{O}ffentliche Anh\"{o}rung zum Thema Verantwortung und Haftung beim Einsatz von Expertensystemen  }, 
month={  November  }, 
year={  1988 
 }} 
 
@misc{Bundy, 
author={ Alan Bundy  }, 
title={  Computer Modelling of Mathematical Reasoning  }, 
private={  copies of two Chapters of Bundy's book: 1) Using Semantic Information to Guide Proofs, and 2) Formalizing Control Information 
 }} 
 
@inproceedings{Bundy83, 
editor={ Alan Bundy  }, 
title={  Proceedings of the Eighth International Joint Conference on
Artificial Intelligence  }, 
organization={  IJCAI  }, 
publisher={  William Kaufmann  }, 
address={  Los Altos, California  }, 
month={  August  }, 
year={  1983  }, 
private={  two volumes 
 }} 
 
@techreport{Bungers84a, 
author={ Dieter Bungers  and  Bernd S. M\"{u}ller  and  Peter Raulefs  }, 
title={  Expertensystem, Beitr\"{a}ge aus einem Workshop zur Aufarbeitung des State-of-the-Art  }, 
institution={  GMD  }, 
type={  Arbeitspapier  }, 
number={  104  }, 
month={  August  }, 
year={  1984 
 }} 
 
@techreport{Bungers84b, 
author={ Dieter Bungers  and  Franco di Primio  and  Walter Klar  and  Erich Rome  }, 
title={  Konzept einer Expertensystem Architecture  }, 
institution={  GMD  }, 
type={  Arbeitspapier  }, 
number={  91  }, 
month={  M\"{a}rz  }, 
year={  1984 
 }} 
 
@techreport{Burkert85, 
author={ Herbert Burkert  and  Helmut Redeker  and  Peter Dippoldsmann  }, 
title={  Informationsrecht, Einige ausgew\"{a}lte Probleme  }, 
institution={  GMD  }, 
number={  176  }, 
month={  November  }, 
year={  1985 
 }} 
 
@book{Campbell84, 
editor={ J. A. Campbell  }, 
title={  Implementations of Prolog  }, 
publisher={  Ellis Worwood Ltd.  }, 
year={  1984 
 }} 
 
@book{Capurro86, 
author={ Rafael Capurro  }, 
title={  Hermeneutik der Fachinformation  }, 
publisher={  Verlag Karl Alber  }, 
address={  Freiburg/M\"{u}nchen  }, 
year={  1986 3-495-47593-1 
 }} 
 
@article{Capurro88, 
author={ Rafael Capurro  }, 
title={  Die Verantwortbarkeit des Denkens, K\"{u}nstliche Intelligenz aus ethischer Sicht  }, 
journal={  Forum f\"{u}r interdisziplin\"{a}re Forschung  }, 
volume={  1  }, 
pages={  15--21  }, 
year={  1988 
 }} 
 
@misc{Cardelli87, 
author={ Luca Cardelli  }, 
title={  Amber  }, 
year={  1987  }, 
howpublished={  AT\&T Bell Laboratories  }, 
private={  Experimental functional programming language implemented on the Macintosh 
 }} 
 
@techreport{Cardelli89, 
author={ Luca Cardelli  }, 
title={  Typeful Programming  }, 
institution={  Digital Equipment Corporation  }, 
month={  May  }, 
year={  1989  
 }} 
 
@article{Carroll87, 
author={ John M. Carroll  and  Penny L. Smith-Kerker  and  James R. Ford  and  Sandra A. Mazur-Rimetz  }, 
title={  The Minimal Manual  }, 
journal={  Human-Computer Interaction  }, 
volume={  3  }, 
pages={  123--153  }, 
year={  1987--1988 
 }} 
 
@incollection{Carroll88, 
author={ John M. Carroll  and  Robert L. Mack  and  Wendy A. Kellogg  }, 
title={  Interface Metaphors and User Interface Design  }, 
booktitle={  Handbook of Human-Computer Interaction  }, 
chapter={  3  }, 
publisher={  Elsevier }, 
year={  1988  }, 
pages={  67--83 
 }} 
 
@article{Carroll88b, 
author={ John M. Carroll  }, 
title={  Modularity and Naturalness in Cognitive Science  }, 
journal={  Metaphor and Symbolic Activity  }, 
volume={  3  }, 
number={  2  }, 
pages={  61--86  }, 
year={  1988 
 }} 
 
@incollection{Carroll88c, 
author={ John M. Carroll  and  Judith Reitman Olson  }, 
title={  Mental Models in Human-Computer Interaction  }, 
booktitle={  Handbook of Human-Computer Interaction  }, 
chapter={  2  }, 
publisher={  Elsevier Science Pubishers  }, 
year={  1988  }, 
pages={  45--65 
 }} 
 
@article{Carroll88d, 
author={ John M. Carroll  and  Amy P. Aaronson  }, 
title={  Learning by Doing with Simulated Intelligent Help  }, 
journal={  Communications of the ACM  }, 
volume={  31  }, 
number={  9  }, 
month={  September  }, 
year={  1988 
 }} 
 
@article{Carroll88e, 
author={ John M. Carroll  }, 
title={  Prompting, Feedback and Error Correction in the Design of a Scenario Machine  }, 
journal={  International Journal of Man-Machine Studies  }, 
volume={  28  }, 
pages={  11--27  }, 
year={  1988 
 }} 
 
@inproceedings{Carroll88f, 
author={ John M. Carroll  }, 
title={  Taking Artifacts Seriously  }, 
booktitle={  Software Ergonomie '89: Aufgabenorientierte Systemgestaltung und Funktionalit\"{a}t  }, 
publisher={  T\"{u}bner  }, 
address={  Stuttgart  }, 
year={  1988  }, 
pages={  36--50 
 }} 
 
@techreport{Carroll88g, 
author={ John M. Carroll  and  Wendy A. Kellogg  }, 
title={  Artifact as Theory-Nexus: Hermeneutics Meets Theory-Based Design  }, 
institution={  IBM Research Division, T. J. Watson Research Center  }, 
number={  RC 14392 (\#63035)  }, 
year={  1988 
 }} 
 
@techreport{Carroll88h, 
author={ John M. Carroll  }, 
title={  Evaluation, Description and Invention: Paradigms for Human-Computer Interaction  }, 
institution={  User Interface Institute, IBM T. J. Watson Research Center  }, 
number={  RC 13926 (\#62583)  }, 
year={  1988 
 }} 
 
@techreport{Carroll89, 
author={ John M. Carroll  }, 
title={  Human-Computer Interaction Scenarios as a Design Representation  }, 
institution={  IBM Research Division, T. J. Watson Research Center  }, 
address={  Yorktown Heights  }, 
number={  RC 15033 (\#67110)  }, 
year={  1989 
 }} 
 
@techreport{Carroll89b, 
author={ John M. Carroll  }, 
title={  Feeding the Inferface Eaters  }, 
institution={  IBM Research Division, T. J. Watson Research Center  }, 
number={  RC 14574 (\#64723)  }, 
year={  1989 
 }} 
 
@techreport{Carroll89c, 
author={ John M. Carroll  }, 
title={  An Overview of Minimalist Instruction  }, 
institution={  IBM Reasearch Division, T. J. Watson Research Center  }, 
number={  RC 15109 (\#67329)  }, 
year={  1989 
 }} 
 
@misc{CCAI87, 
key={  CCAI87  }, 
title={  CC AI, The Journal for the Integraged Study of Aritficial Intelligence, Cognitive Science and Applied Epistemology  }, 
year={  1987  }, 
private={  Contains a survey and bibliography on expert systems in law, and articles by Laymen Allen, Charles Saxon and Grayfred Gray 
 }} 
 
@book{Charniak85, 
author={ Eugene Charniak  and  Drew McDermott  }, 
title={  Introduction to Artificial Intelligence  }, 
publisher={  Addison-Wesley  }, 
series={  World Student Series  }, 
address={  Reading, Massachusetts  }, 
year={  1985 
 }} 
 
@book{Chernicoff85a, 
author={ Stephan Chernicoff  }, 
title={  Macintosh Revealed  }, 
publisher={  Hayden  }, 
volume={  2  }, 
year={  1985 
 }} 
 
@book{Chernicoff85b, 
author={ Stephan Chernicoff  }, 
title={  Macintosh Revealed  }, 
publisher={  Hayden  }, 
volume={  1  }, 
year={  1985 
 }} 
 
@book{Christaller89, 
editor={ Thomas Christaller  and  Franco di Primio  and  Angi Voss  }, 
title={  Die KI-Werkbank Babylon, eine offene und portable Entwicklungsumgebung f\"{u}r Expertensysteme  }, 
publisher={  Addison-Wesley  }, 
year={  1989 3-89319-155-0 
 }} 
 
@inproceedings{Ciampi82, 
editor={ C. Ciampi  }, 
title={  Artificial Intelligence and Legal Information Systems  }, 
publisher={  North-Holland  }, 
address={  Amsterdam  }, 
year={  1982 
 }} 
 
@book{Clark82, 
editor={ K. L. Clark  and  S. A. T\"{a}rnlund  }, 
title={  Logic Programming  }, 
publisher={  Academic Press  }, 
year={  1982 
 }} 
 
@misc{Clark, 
author={ K. L. Clark  and  F. G. McCabe  }, 
title={  PROLOG: a language for implementing expert systems  }, 
private={  Chapter in book; pp 455-470; need book reference 
 }} 
 
@book{Clocksin81, 
author={ W. F. Clocksin  and  C. S. Mellish  }, 
title={  Programming in Prolog  }, 
publisher={  Springer-Verlag  }, 
year={  1981 
 }} 
 
@unpublished{clos87, 
author={ Daniel G. Bobrow  and  Linda G. DeMichiel  and  Richard P. Gabriel  and  Sonya Keene  and  Gregor Kiczales  and  David A. Moon  }, 
title={  Common Lisp Object System Specification  }, 
year={  1987  }, 
note={  draft version of the CLOS object-oriented programming extensions to Common Lisp 
 }} 
 
@misc{Coeloh81, 
author={ Helder Coeloh  }, 
title={  Logic Programming Bibliography, 2nd ed.  }, 
month={  December  }, 
year={  1981  }, 
howpublished={  Laboratorio Nacional de Engenharia Civil, Centro de Informatica 
 }} 
 
@article{Cohen85, 
author={ Jacques Cohen  }, 
title={  Describing Prolog by its Interpretation and Compilation  }, 
journal={  Communications of the ACM  }, 
volume={  28  }, 
number={  12  }, 
pages={  1311--1324  }, 
month={  December  }, 
year={  1985 
 }} 
 
@article{Cohen84, 
author={ Benjamin Cohen  and  Gergory L. Murphy  }, 
title={  Models of Concepts  }, 
journal={  Cognitive Science  }, 
volume={  8  }, 
pages={  27--58  }, 
year={  1984 
 }} 
 
@book{Cohen82, 
editor={ Paul A. Cohen  and  Edward A. Feigenbaum  }, 
title={  The Handbook of Artificial Intelligence  }, 
publisher={  Pitman Books  }, 
volume={  3  }, 
year={  1982 
 }} 
 
@techreport{Conklin86, 
author={ Jeff Conklin  }, 
title={  A Survey of Hypertext  }, 
institution={  MCC  }, 
number={  STP-356-86  }, 
month={  October  }, 
year={  1986 
 }} 
 
@inproceedings{Cox84a, 
author={ P. T. Cox  and  T. Pietrzykowski  and  S. Matwin  }, 
title={  Concurrent Editing and Executing in PROGRAPH on Graphical Microcomputers  }, 
editor={ Bari  }, 
booktitle={  Proceedings of the 24th International Symposium MIME  }, 
year={  1984 
 }} 
 
@techreport{Cox84b, 
author={ P. T. Cox  and  T. Pietrzykowski  }, 
title={  LOGRAPH: a graphical logic programming language  }, 
institution={  Technical University of Nova Scotia  }, 
number={  CS 8403  }, 
year={  1984 
 }} 
 
@article{Croft88, 
author={ W. B. Croft  and  L. S. Lefkowitz  }, 
title={  Using a Planner to Support Office Work  }, 
journal={  SIGOIS Bulletin  }, 
volume={  9  }, 
number={  2 \& 3  }, 
pages={  55--62  }, 
month={  April \& July  }, 
year={  1988  }, 
private={  Proceedings of the Conference on Office Information Systems, March 23-25, Palo Alto 
 }} 
 
@book{Cross76, 
author={ Rupert Cross  }, 
title={  Statutory Interpretation  }, 
publisher={  Butterworths  }, 
year={  1976 
 }} 
 
@book{Dalcin84, 
author={ Mario Dal Cin and Joachim Lutz  and  Thomas Risse  }, 
title={  Programmierung in Modula-2  }, 
publisher={  B. G. Tuebner  }, 
series={  Tuebner Studienskripten  }, 
volume={  100  }, 
address={  Stuttgart  }, 
year={  1984 
 }} 
 
@techreport{daphne89, 
author={ A. Scheller  and  C. Smith  and  C. Fuhrhop  and  E. Wilde  }, 
title={  DAPHNE: Document Application Processing in a Heterogeneous 
Network Environment }, 
institution={  Deutsches Forschungsnetz (DFN) }, 
year={  April 1989
 }} 
 
@article{Davis80, 
author={ Randall Davis  }, 
title={  Content Reference: Reasoning about Rules  }, 
journal={  Artificial Intelligence  }, 
volume={  15  }, 
pages={  223--239  }, 
year={  1980 
 }} 
 
@article{Davis80b, 
author={ Randall Davis  }, 
title={  Meta-Rules: Reasoning about Control  }, 
journal={  Artificial Intelligence  }, 
volume={  15  }, 
pages={  179--222  }, 
year={  1980 
 }} 
 
@techreport{deKleer77, 
author={ {Johan de }{Kleer} and  Jon Doyle  and  Guy L. Steele  and  Gerald J. Sussman }, 
title={  Explicit Control of Reasoning  }, 
institution={  MIT AI Laboratory }, 
type={  Memo }, 
number={  427 }, 
year={  1977 }, 
private={  AMORD 
 }} 
 
@article{deKleer86, 
author={ {Johan de }{Kleer} }, 
title={  An Assumption-Based TMS }, 
journal={  Artificial Intelligence }, 
volume={  28 }, 
year={  1986
 }} 
 
@article{deKleer86b, 
author={ {Johan de }{Kleer} }, 
title={  Extending the Basic ATMS }, 
journal={  Artificial Intelligence }, 
volume={  28 }, 
year={  1986
 }} 
 
@inproceedings{deKleer88, 
author={ {Johan de }{Kleer} }, 
title={  A General Labeling Algorithm for Assumption-Based Truth Maintenance  }, 
booktitle={  Proceedings of the AAAI-88  }, 
year={  1988 
 }} 
 
@article{deBessonet87, 
author={ Cary G. deBessonet  and  George R. Cross  }, 
title={  An Artificial Intelligence Application in the Law:  CCLIPS, A Computer Program that Processes Legal Information  }, 
journal={  High Technology Law Journal  }, 
volume={  1  }, 
number={  2  }, 
pages={  329--409  }, 
year={  1986  }, 
private={  A UC Berkeley law journal 
 }} 
 
@article{deBessonet82, 
author={ Cary G. deBessonet  }, 
title={  An Automated Approach to Scientific Codification  }, 
journal={  Rutgers Computer \& Technology Law Journal  }, 
volume={  9  }, 
pages={  27--75  }, 
year={  1982 
 }} 
 
@article{deBessonet84, 
author={ Cary deBessonet  }, 
title={  An Automated Intelligent System Based on a Model of a Legal System  }, 
journal={  Rutgers Computer \& Technology Law Journal  }, 
volume={  10  }, 
pages={  31--58  }, 
year={  1984 
 }} 
 
@book{DeGroot86, 
editor={ Doug DeGroot  and  Gary Lindstrom  }, 
title={  Logic Programming: Functions, Relations, and Equations  }, 
publisher={  Prentice-Hall  }, 
year={  1986 
 }} 
 
@techreport{diPrimio83, 
author={ Franco di Primio  and  Thomas Christaller  }, 
title={  A Poor Man's Flavor System  }, 
institution={  Univeriste de Geneve  }, 
type={  Working Paper  }, 
number={  47  }, 
month={  May  }, 
year={  1983 
 }} 
 
@inproceedings{diPrimio85, 
author={ F. di Primio  and  G. Brewka  }, 
title={  Babylon: Kernel System of an Integrated Environment for Expert System Development and Operation  }, 
booktitle={  Proceedings of the 5th International Workshop on Expert Systems and their Applications, Avignon  }, 
month={  May  }, 
year={  1985  }, 
pages={  573--583 
 }} 
 
@techreport{diPrimio88, 
author={ Franco di Primio  }, 
title={  Viewing Reasoning as Program Execution  }, 
institution={  GMD  }, 
type={  Arbeitspapier  }, 
number={  299  }, 
month={  March  }, 
year={  1988 
 }} 
 
@book{Dias79, 
author={ R.W.M. Dias  }, 
title={  A Bibliography of Jurisprudence  }, 
edition={  third  }, 
publisher={  Butterworths  }, 
year={  1979 
 }} 
 
@book{Dickerson75, 
author={ Reed Dickerson  }, 
title={  The Interpretation and Application of Statutes  }, 
publisher={  Little, Brown and Comany  }, 
year={  1975 
 }} 
 
@techreport{Diederich87, 
author={ Joachim Diederich  }, 
title={  Wissensakquisition  }, 
institution={  GMD  }, 
type={  arbeitspapier  }, 
number={  245  }, 
month={  March  }, 
year={  1987 
 }} 
 
@masterthesis{Diestelmeier87, 
author={ Kai Diestelmeier  }, 
title={  A Denotational Description of OBLOG  }, 
school={  University of Bonn  }, 
month={  May  }, 
year={  1987 
 }} 
 
@inproceedings{Dincbas80a, 
author={ Mehmet Dincbas  }, 
title={  A Knowledge-Based Expert System for Automatic Analysis and Synthesis in CAD  }, 
editor={ S.H. Lavington  }, 
booktitle={  Information Processing 80  }, 
year={  1980  }, 
pages={  705--710 
 }} 
 
@techreport{Dincbas80b, 
author={ Mehmet Dincbas  }, 
title={  Le systeme de resolution de problemes METALOG  }, 
institution={  CERT  }, 
number={  3146  }, 
month={  December  }, 
year={  1980 
 }} 
 
@article{Doyle79, 
author={ Jon Doyle }, 
title={  A Truth Maintenance System }, 
journal={  Artificial Intelligence }, 
volume={  12 }, 
pages={  231--272 }, 
year={  1979
 }} 
 
@article{Doyle89, 
author={ Jon Doyle  }, 
title={  Constructive Belief and Rational Representation  }, 
journal={  Computational Intelligence  }, 
volume={  5  }, 
pages={  1--11  }, 
year={  1989 
 }} 
 
@misc{Drach89, 
author={ Angelika Drach  and  Ludger Hovestadt }, 
title={  Intelligente CAD-Systeme --- Instrumente f\"{u}r die Planung und Verwaltung komplexer Geb\"{a}ude }, 
year={  1990 }, 
private={  Authors were invited by J. Hertzberg to GMD. Relevance to TASSO
 }} 
 
@inproceedings{Dressler88, 
author={ Oskar Dressler }, 
title={  An Extended Basic ATMS }, 
booktitle={  Second International Workshop on Nonmonotonic Reasoning }, 
publisher={  Springer-Verlag }, 
year={  1988
 }} 
 
@book{Dreyfus72, 
author={ H. Dreyfus  }, 
title={  What Computers Can't Do: A Critique of Artificial Reason  }, 
publisher={  Harper and Row  }, 
year={  1972 
 }} 
 
@book{Dworkin77, 
editor={ R. M. Dworkin  }, 
title={  The Philosophy of Law  }, 
publisher={  Oxford University  }, 
series={  Oxford Readings in Philosophy  }, 
year={  1977 
 }} 
 
@incollection{Dworkin77b, 
author={ R. M. Dworkin }, 
title={  Is Law a System of Rules? }, 
editor={ R. M. Dworkin }, 
booktitle={  The Philosophy of Law }, 
publisher={  Oxford Unviersity Press }, 
year={  1977 }, 
pages={  38--65
 }} 
 
@inproceedings{Dyer85, 
author={ Michael G. Dyer  and  Margot Flowers  }, 
title={  Toward Automating Legal Expertise  }, 
editor={ Charles Walter  }, 
booktitle={  Computing Power and Legal Reasoning  }, 
publisher={  West  }, 
address={  50 West Kellogg Boulevard, P.O. Box 64526, St. Paul, MN 55164-1003  }, 
year={  1985  }, 
pages={  49--68 
 }} 
 
@book{Edwards67, 
editor={ Paul Edwards  }, 
title={  The Encyclopedia of Philosophy  }, 
publisher={  Macmillan Pub. Co, Inc. \& The Free Press  }, 
volume={  1  }, 
year={  1972 
 }} 
 
@inproceedings{Egloff86, 
editor={ P. Egloff  }, 
title={  Standards der Graphik und Modellierung und deren Verwendung im Deutschen Forschungsnetz DFN  }, 
organization={  Deutschen Forschungsnetz DFN  }, 
month={  September  }, 
year={  1986 
 }} 
 
@book{Erdmann86, 
editor={ Ulrich Edrmann  and  Herbert Fiedler  and  Fritjof Haft  and  Roland Traunm\"{u}ller  }, 
title={  Computergest\"{u}tzte Juristische Expertensysteme  }, 
publisher={  Attempto Verlag  }, 
series={  Neue Methoden im Recht  }, 
address={  T\"{u}bingen  }, 
year={  1986 
 }} 
 
@inproceedings{Etheringtion83, 
author={ David W. Etherington  and  Raymond Reiter  }, 
title={  On Inheritance Hierarchies with Exceptions  }, 
booktitle={  Proceedings of the AAAI  }, 
organization={  AAAI  }, 
year={  1983  }, 
pages={  104--108 
 }} 
 
@misc{Fameli84, 
key={  Fameli84  }, 
title={  Cumulative Index of Informatica e Diritto  }, 
year={  1984 
 }} 
 
@techreport{Fameli83, 
author={ Elio Fameli  and  Roberta Nannucci  }, 
title={  The Institute for Legal Documentation of the Italian National Research Council  }, 
institution={  IDG  }, 
address={  Florence  }, 
month={  June  }, 
year={  1983 
 }} 
 
@book{Farnsworth83, 
author={ E. Allan Farnsworth  }, 
title={  An Introduction to the Legal System of the United States  }, 
publisher={  Oceana Publications  }, 
year={  1983 
 }} 
 
@book{Feigenbaum83, 
author={ Edward A. Feigenbaum  and  Pamela McCorduck  }, 
title={  The Fifth Generation  }, 
publisher={  Addison-Wesley  }, 
year={  1983 
 }} 
 
@article{Fezer86, 
author={ Karl-Heinz Fezer  }, 
title={  Aspeckte einer Rechtskritik an der economic analysis of law und am property rights approach  }, 
journal={  Juristen Zeitung  }, 
volume={  18  }, 
pages={  817--864  }, 
month={  September  }, 
year={  1986 
 }} 
 
@masterthesis{Fidelak86, 
author={ Manfred Fidelak  }, 
title={  Wissensdarstellung und -verarbeitung auf der Basis von Petri-Netzen  }, 
school={  University of Bonn  }, 
month={  May  }, 
year={  1986 
 }} 
 
@article{Fiedler66, 
author={ Herbert Fiedler }, 
title={  Juristische Logik in mathematischer Sicht }, 
journal={  ARSP }, 
volume={  52 }, 
year={  1966
 }} 
 
@incollection{Fiedler78, 
author={ Herbert Fiedler  }, 
title={  Zur logischen Konzeption der Rechtsfindung aus dem Gesetz und ihrem historichen Bedingungen  }, 
editor={ U. Klug, Th. Ramm, F. Rittner  and  B. Schmiedel  }, 
booktitle={  Gesetzgebungstheorie, Juristische Logik, Zivil- und Proce{\ss}recht  }, 
publisher={  Springer-Verlag  }, 
year={  1978  }, 
pages={  129-139
 }} 
 
@incollection{Fiedler80, 
author={ Herbert Fiedler  }, 
title={  Functional Relations between Legal Regulations and Software  }, 
editor={ Bryan Niblett }, 
booktitle={  Computer Science and Law }, 
publisher={  Cambridge University Press }, 
year={  1980 }, 
pages={  137-146

 }} 
 
@misc{Fiedler/c, 
author={ Herbert Fiedler  }, 
title={  Informatics of Law and Legal Tradition  }, 
private={  need full reference 

 }} 
 
@book{Fiedler83, 
author={ Herbert Fiedler, Thomas Barthel  and  Gerhard Voogd  }, 
title={  Untersuchungen zur Formalisierung im Recht als Beitrag zur Grundlagenforschung juristischer Datenverarbeitung (UFORED)  }, 
publisher={  University of Bonn  }, 
month={  July  }, 
year={  1983 
 }} 
 
@incollection{Fiedler83b, 
author={ Herbert Fiedler  }, 
title={  Die Rechtsfindung aus dem Gesetz im Lichte der neueren Logik und Methodenlehre  }, 
editor={ G. Kohlmann }, 
booktitle={  Festschrift f\"{u}r Ulrich Klug zum 70. Geburtstag }, 
publisher={ Deubner Verlag  }, 
address={  Cologne }, 
year={  1983 }, 
pages={  55-67
 }} 
 
@inproceedings{Fiedler85a, 
author={ Herbert Fiedler  }, 
title={  Expert Systems as a Tool for Drafting Legal Decisions  }, 
editor={ Antonio A. Martino  and  Fiorenza Socci Natali }, 
booktitle={  Logica, Informatica, Diritto }, 
organization={  Consiglio Nazionale delle Richere }, 
address={  Florence }, 
year={  1985 }, 
pages={ 	265--274
 }} 
 
@incollection{Fiedler85b, 
author={ Herbert Fiedler  }, 
title={  Informationspolitik und Informationsrecht  }, 
editor={ Walter Fischer und Ehrhard Mundhenke  }, 
booktitle={  Verwaltungsorganisation, Dienstrecht und Personalwirtschaft  }, 
publisher={  Nomos  }, 
year={  1984 
 }} 
 
@misc{Fiedler85c, 
author={ Herbert Fiedler  }, 
title={  Logical Structure and Information Technology Support of Judicial Decisions  }, 
month={  June  }, 
year={  1985 
 }} 
 
@book{Fiedler86a, 
editor={ Herbert Fiedler  and  Roland Traunm\"{u}ller  }, 
title={  1. Workshop des Arbeitskreises Formalisierung im Recht  }, 
publisher={  J. Schweitzer Verlag  }, 
series={  Formalisierung im Recht und Ans\"{a}tze juristischer Expertensysteme und formale Modelle im Recht der Gesellschaft f\"{u}r Informatik  }, 
year={  1986 
 }} 
 
@article{Fiedler86b, 
author={ Herbert Fiedler  }, 
title={  Juristenausbildung und Informatik, Warnungen vor einem Mi{\ss}tand un Vorschl\"{a}ge der Rechtsinformatik  }, 
journal={  Computer und Recht  }, 
volume={  11  }, 
pages={  756--761  }, 
year={  1986 
 }} 
 
@article{Fiedler87, 
author={ Herbert Fiedler  }, 
title={  Orientierung \"{u}ber juristiche Expertensysteme, Grundlagen und M\"{o}glichkeiten  }, 
journal={  Computer und Recht  }, 
volume={  5  }, 
pages={  325-331  }, 
year={  1987 
 }} 
 
@book{Fiedler88, 
editor={ H. Fiedler  and  F. Haft  and  R. Traunm\"{u}ller  }, 
title={  Expert Systems in Law; Impacts on Legal Theory and Computer Law  }, 
publisher={  Attempto Verlag  }, 
series={  Neue Methoden im Recht  }, 
volume={  4  }, 
address={  T\"{u}bingen  }, 
year={  1988 
 }} 
 
@misc{Fiedler89a, 
author={ Herbert Fiedler  and  Gerhard Oppenhorst  }, 
title={  Computer in der Juristenausbildung  }, 
year={  1989  }, 
private={  draft 
 }} 
 
@misc{Fiedler89b, 
author={ Herbert Fiedler  }, 
title={  Computers and Legal Reasoning - Outline of Developments in the Federal Republic of Germany  }, 
year={  1989  }, 
howpublished={  Universit\"{a}t Bonn, Forschungsstelle f\"{u}r juristische Informatik und Automation 
 }} 
 
@inproceedings{Fiedler90, 
author={ Herbert Fiedler }, 
title={  Entmythologisierung von Expertensystemen --- Einf\"{u}rung in die Thematik f\"{u}r Recht und \"{O}ffentliche Verwaltung }, 
editor={ Hinrich Bonin }, 
booktitle={  Entscheidungsunterst\"{u}tzung in der \"{O}ffentlichen Verwaltung }, 
publisher={  Decker \& M\"{u}ller }, 
year={  1989 }, 
pages={  1-12
 }} 
 
@article{Fikes72, 
author={ Richard E. Fikes  and  Peter E. Hart  and  Nils J. Nilsson  }, 
title={  Learning and Executing Generalized Robot Plans  }, 
journal={  Artificial Intelligence  }, 
volume={  3  }, 
pages={  251--288  }, 
year={  1972 
 }} 
 
@article{Fikes71, 
author={ Richard E. Fikes  and  Nils J. Nilsson  }, 
title={  STRIPS: A New Approach to the Application of Theorem Proving to Problem Solving  }, 
journal={  Artificial Intelligence  }, 
volume={  2  }, 
pages={  189--208  }, 
year={  1971 
 }} 
 
@misc{Flanagan84, 
key={  Dennis Flanagan  }, 
title={  Scientific American  }, 
month={  September  }, 
year={  1984  }, 
private={  Special issue on computer software 
 }} 
 
@phdthesis{Fohmann83, 
author={ Lothar H. Fohmann  }, 
title={  Die Informationale Programmiersprache IPL, Studie zur Operationalisierung regelorientier schlechtdefinierter nichtschematischer Entscheidungen  }, 
school={  Technischen Hochschule Darmstadt  }, 
year={  1983 
 }} 
 
@inproceedings{Forbus88, 
author={ Kenneth D. Forbus  and { Johan de }{Kleer} }, 
title={  Focusing the ATMS  }, 
booktitle={  Proceedings of the AAAI-88  }, 
year={  1988  }, 
private={  Introduces the implied-by strategy. Example implements a natural deduction theorem prover. 
 }} 
 
@article{FreemanBenson90, 
author={ Bjorn N. Freeman-Benson  and  John Maloney  and  Alan Borning }, 
title={  An Incremental Constraint Solver }, 
journal={  Communications of the ACM }, 
volume={  33 }, 
number={  1 }, 
pages={  54--63 }, 
month={  January }, 
year={  1990 }, 
private={  describes the DeltaBlue algorithm, for solving heirarchical constraints. Would be interesting to compare with an ATMS implementation of Gerd Brewka's extensions to Poole.
 }} 
 
@article{Friedland85, 
author={ Peter E. Friedland  and  Yumi Iwasaki  }, 
title={  The Concept and Implementation of Skelatal Plans  }, 
journal={  Journal of Automated Reasoning  }, 
volume={  1  }, 
pages={  161--208  }, 
year={  1985 
 }} 
 
@book{Gabby83, 
editor={ D. Gabbay  and  F. Guenthner  }, 
title={ Handbook of Philosophical Logic, Volume I: Elements of Classical Logic  }, 
publisher={  D. Reidel  }, 
series={  Synthese Library  }, 
volume={  164  }, 
year={  1983  }, 
private={  loaned to Christoph Lischka ?
 }} 
 
@book{Gabby83b, 
editor={ D. Gabby  and  F. Guenthner  }, 
title={  Handbook of Philosophical Logic, Volume IV: Topics in the Philosophy of Langauge  }, 
publisher={  D. Reidel  }, 
series={  Synthese Library  }, 
volume={  167  }, 
year={  1989 
 }} 
 
@book{Gabby84, 
editor={ D. Gabbay  and  F. Guenthner  }, 
title={  Handbook of Philosophical Logic, Volume II: Extensions of Classical Logic  }, 
publisher={  D. Reidel  }, 
series={  Synthese Library  }, 
volume={  165  }, 
year={  1984 
 }} 
 
@book{Gabby86, 
editor={ D. Gabbay  and  F. Guenthner  }, 
title={  Handbook of Philosophical Logic, Volume III: Alternatives in Classical Logic  }, 
publisher={  D. Reidel  }, 
series={  Synthese Library  }, 
volume={  166  }, 
year={  1986 
 }} 
 
@misc{Gabriel, 
author={ John Gabriel, Tim Lindholm, E.L. Lusk  and  R.A. Overbeek  }, 
title={  A Tutorial on the Warren Abstract Machine  }, 
howpublished={  Argonne National Laboratory  }, 
private={  need full reference, loaned to Ulli Junker, 28.1.91
 }} 
 
@manual{Gallagher88, 
author={ Kevin Q. Gallagher  and  Daniel D. Corkill  and  Philip M. Johnson }, 
title={  GBB Reference Manual }, 
month={  July }, 
year={  1988 }, 
organization={  Department of Computer Science, University of Massachusetts at Amherst }, 
private={  Generic Blackboard System
 }} 
 
@unpublished{Gardner80, 
author={ {Anne von der Lieth }{Gardner} }, 
title={  Foundations for a Legal Reasoning Program  }, 
month={  October  }, 
year={   1980  }, 
note={   draft version of her Ph.D. thesis 
 }} 
 
@book{Gardner87, 
author={ {Anne von der Lieth }{Gardner} }, 
title={  An Artificial Intelligence Approach to Legal Reasoning  }, 
publisher={  MIT Press  }, 
series={  Artificial Intelligence and Legal Reasoning  }, 
year={  1987 
 }} 
 
@inproceedings{Gardner89, 
author={ {Anne von der Lieth }{Gardner} }, 
title={  Representing Developing Legal Doctrine }, 
booktitle={  Proceedings of the Second International Conference on
Artificial Intelligence and Law }, 
organization={  ACM }, 
month={  June }, 
year={  1989
 }} 
 
@book{Gellhorn79, 
author={ Walter Gellhorn  and  Clark Byse  and  Petter L. Strauss  }, 
title={  Administrative Law, Cases and Comments  }, 
edition={  Seventh  }, 
publisher={  The Foundation Press  }, 
year={  1979 
 }} 
 
@book{Genesereth87, 
author={ Michael R. Genesereth  and  Nils J. Nilsson  }, 
title={  Logical Foundations of Artificial Intelligence  }, 
publisher={  Morgan Kaufmann  }, 
address={  Los Altos  }, 
year={  1987 
 }} 
 
@techreport{Genesereth82, 
author={ Michael R. Genesereth  and  David E. Smith  }, 
title={  Meta-Level Architecture  }, 
institution={  Dept. of Computer Science, Stanford University  }, 
type={  memo  }, 
number={  HPP-81-6  }, 
month={  December  }, 
year={  1982 
 }} 
 
@inproceedings{Genesereth83, 
author={ Michael R. Genesereth }, 
title={  An Overview of Metalevel Architecture }, 
booktitle={  Proceedings of the National Conference on Artificial
Intelligence }, 
organization={  AAAI }, 
publisher={  Morgan Kaufmann }, 
address={  Los Altos }, 
year={  1987 }, 
pages={  119--123
 }} 
 
@techreport{Genesereth84, 
author={ Michael R. Genesereth  }, 
title={  Partial Programs  }, 
institution={  Dept. of Computer Science, Stanford University  }, 
number={  HPP-84-1  }, 
month={  January  }, 
year={  1984 
 }} 
 
@unpublished{Genrich82, 
author={ Helga Genrich  }, 
title={  Preformal Models of Legal Systems and Processes  }, 
month={  March  }, 
year={  1982  }, 
note={  presented at the international workshop on formal methods in law, GMD-IDR 
 }} 
 
@inproceedings{Georgeff86, 
editor={ Michael P. Georgeff  and  Amy L. Lansky  }, 
title={  Reasoning about Actions \& Plans  }, 
organization={  AAAI  }, 
publisher={  Morgan Kaufmann  }, 
month={  June-July  }, 
year={  1986 
 }} 
 
@inproceedings{Gero88, 
editor={ J. S. Gero  }, 
title={  Artificial Intelligence in Engineering: Design  }, 
publisher={  Elsevier  }, 
address={  Amsterdam  }, 
year={  1988 
 }} 
 
@book{Gersting82, 
author={ Judith L. Gersting  }, 
title={  Mathematical Structures for Computer Science  }, 
publisher={  W.H. Freeman and Company  }, 
year={  1982 
 }} 
 
@book{Ginsberg87, 
editor={ Matthew L. Ginsberg  }, 
title={  Readings in Nonmonotonic Reasoning  }, 
publisher={  Morgan Kaufmann  }, 
address={  Los Altos  }, 
year={  1987 
 }} 
 
@book{Glaser84, 
author={ Hugh Glaser  and  Chris Hankin  and  David Till  }, 
title={  Principles of Functional Programming  }, 
publisher={  Prentice Hall  }, 
year={  1984 
 }} 
 
@misc{GMD84a, 
key={  GMD84a  }, 
title={  Institut f\"{u}r Angewandte Informationstechnik  }, 
month={  January  }, 
year={  1984  }, 
howpublished={  GMD  }, 
private={  German description of F3 
 }} 
 
@misc{GMD84b, 
key={  GMD84b  }, 
title={  Institute for Applied Information Technology  }, 
month={  April  }, 
year={  1984  }, 
howpublished={  GMD  }, 
private={  English description of F3 
 }} 
 
@article{Goebel86, 
author={ J\"{u}rgen W. Goebel  and  Reinhard Schmalz  }, 
title={  Probleme beim Einsatz juristischer Expertensysteme in der Rechtspraxis  }, 
journal={  Computer und Recht  }, 
pages={  510--515  }, 
month={  August  }, 
year={  1986 
 }} 
 
@phdthesis{Goodwin87, 
author={ James W. Goodwin  }, 
title={  A Theory and System for Non-Monotonic Reasoning  }, 
school={  Linkoping University  }, 
year={  1987 
 }} 
 
@inproceedings{Goodwin89, 
author={ Scott D. Goodwin  and  Randy G. Goebel  }, 
title={  Nonmonotonic Reasoning in Temporal Domains: The Knowledge Independence Problem  }, 
booktitle={  Proceedings of the Second International Workshop on Non-Monotonic Reasoning  }, 
publisher={  Springer  }, 
year={  1989  }, 
pages={  187-201 
 }} 
 
@book{GordonMJ79, 
author={ Michael J.C. Gordon  }, 
title={ The Denotational Description of Programming Languages, An Introduction  }, 
publisher={  Springer-Verlag  }, 
year={  1979 
 }} 
 
@misc{Gordon82, 
author={ Thomas F. Gordon  }, 
title={  Notes re an Expert System for UCC Art. 9 in EMYCIN  }, 
year={  1982 
 }} 
 
@unpublished{Gordon84a, 
author={ Thomas F. Gordon  }, 
title={  Legal Expert Systems: An Overview of the Expert Systems Work of FS-INFRE  }, 
year={  1984  }, 
note={  outline and transparencies of GMD talk 
 }} 
 
@misc{Gordon84b, 
author={ Thomas F. Gordon  }, 
title={  Oblog 1 Source Code  }, 
month={  May  }, 
year={  1984 
 }} 
 
@incollection{Gordon84c, 
author={ Thomas F. Gordon }, 
title={  EMYCIN- Kontroll- und Erkl\"{a}rungsfunktionen }, 
editor={ D. Bungers  and  B.S. M\"{u}ller  and  P. Raulefs }, 
booktitle={  Expertensysteme, Beitr\"{a}ge aus einem Workshop zur
Aufbereitung des State-of-the-Art : Architecture und Funktionsanalyse }, 
publisher={  GMD }, 
address={  Sankt Augustin }, 
year={  1984 }, 
pages={  18-31 }, 
note={  Arbeitspapier Nr. 120
 }} 
 
@incollection{Gordon84d, 
author={ Thomas F. Gordon }, 
title={  Prolog und Produktionsysteme }, 
editor={ D. Bungers  and  B.S. M\"{u}ller  and  P. Raulefs }, 
booktitle={  Expertensysteme, Beitr\"{a}ge aus einem Workshop zur
Aufbereitung des State-of-the-Art }, 
publisher={  GMD }, 
address={  Sankt Augustin }, 
year={  1984 }, 
pages={  72-83 }, 
note={  Arbeitspapier Nr. 104
 }} 
 
@unpublished{Gordon85a, 
author={ Thomas F. Gordon  }, 
title={  EMYCIN, Control and Explanation Features  }, 
year={  1985  }, 
note={  talk given at a GMD workshop on expert systems 
 }} 
 
@techreport{Gordon85b, 
author={ Thomas F. Gordon  }, 
title={  Object-Oriented Predicate Logic and its Role in Representing Legal Knowledge  }, 
institution={  GMD  }, 
type={  Arbeitspapier  }, 
number={   135 }, 
month={  February  }, 
year={  1985 
 }} 
 
@article{Gordon85c, 
author={ Thomas F. Gordon  }, 
title={ On the suitability of Modula-2 for artificial intelligence programming  }, 
journal={  Angewandte Informatik  }, 
pages={  296-303  }, 
month={  July  }, 
year={  1985 
 }} 
 
@incollection{Gordon85d, 
author={ Thomas F. Gordon }, 
title={  Object-Oriented Predicate Logic and its Role in Representing
Legal Knowledge }, 
editor={ Charles Walter }, 
booktitle={  Computing Power and Legal Reasoning }, 
publisher={  West Publishing Company }, 
year={  1985 }, 
pages={  163-203
 }} 
 
@incollection{Gordon86a, 
author={ Thomas F. Gordon  }, 
title={  The Role of Exceptions in Models of the Law  }, 
editor={ H. Fiedler, R. Traunm\"{u}ller  }, 
booktitle={  Formalisierung im Recht und Ans\"{a}tze juristicher Expertensysteme }, 
publisher={  J. Schweitzer Verlag  }, 
address={  Munich  }, 
year={  1986  }, 
pages={  52-59 
 }} 
 
@unpublished{Gordon86b, 
author={ Thomas F. Gordon  }, 
title={  Formalization of UCC Article 9 in Horn Clauses  }, 
year={  1986  }, 
note={  beginnings of an Article 9 knowledge base 
 }} 
 
@unpublished{Gordon86c, 
author={ Thomas F. Gordon  }, 
title={  Oblog in Prolog  }, 
month={  December  }, 
year={  1986  }, 
note={  source code for various implementations of Oblog-2 in Prolog 
 }} 
 
@inproceedings{Gordon86d, 
author={ Thomas F. Gordon  and  Gerald Quirchmayr  }, 
title={  OBLOG-2: Ein hybrides Wissensrepr\"{a}sentationssystem zur Modellierung rechtswissenschaftlicher Probleme  }, 
editor={ G. Hommel  and  S. Schindler  }, 
booktitle={  GI-16. Jahrestagung, Proceedings, Vol. 2  }, 
organization={  Gesellschaft f\"{u}r Informatik  }, 
publisher={  Springer-Verlag  }, 
month={  October  }, 
year={  1986  }, 
pages={  406-420 
 }} 
 
@inproceedings{Gordon86e, 
author={ Thomas F. Gordon  and  Gerald Quirchmayr  }, 
title={  OBLOG: eine Programmiersprache f\"{u}r juristische Expertensysteme  }, 
editor={ Ulrich Erdmann  and  Herbert Fiedler  and  Fritjof Haft  and  Roland Traunm\"{u}ller  }, 
booktitle={  Computergest\"{u}tzte Juristische Expertensysteme  }, 
publisher={  Attempto Verlag  }, 
address={  T\"{u}bingen  }, 
month={  August  }, 
year={  1986  }, 
pages={  123-134 
 }} 
 
@techreport{Gordon87a, 
author={ Thomas F. Gordon  }, 
title={  OBLOG (Version 2), Reference Manual  }, 
institution={  GMD  }, 
type={  Arbeitspapier  }, 
number={  271  }, 
month={  October  }, 
year={  1987 
 }} 
 
@inproceedings{Gordon87b, 
author={ Thomas F. Gordon  and  Gerald Quirchmayr  }, 
title={  Der Einsatz der Modellierungssprache OBLOG zum Entwurf von Juristischen Expertensysteme  }, 
editor={ R.R. Wagner, R. Traunm\"{u}ller  and  H.C. Mayr  }, 
booktitle={  Informationsbedarfsermittlung und Informationsbedarfanalyse  }, 
organization={  Gesellschaft f\"{u}r Informatik  }, 
publisher={  Springer-Verlag  }, 
month={  July  }, 
year={  1987  }, 
pages={  137-154 
 }} 
 
@misc{Gordon87c, 
author={ Thomas F. Gordon  }, 
title={  Oblog 2 Source Code  }, 
month={  January  }, 
year={  1987 
 }} 
 
@inproceedings{Gordon87d, 
author={ Thomas F. Gordon  }, 
title={  Oblog-2, A Hybrid Knowledge Representation System for Defeasible Reasoning  }, 
booktitle={  The First International Conference on Artificial Intelligence and Law, Proceedings  }, 
organization={  ACM  }, 
publisher={  ACM Press  }, 
month={  May  }, 
year={  1987  }, 
pages={  231-239 
 }} 
 
@incollection{Gordon87e, 
author={ Thomas F. Gordon  }, 
title={  Some Problems with Prolog as a Knowledge Representation Language for Legal Expert Systems  }, 
editor={ C. Arnold  }, 
booktitle={  Yearbook of Law, Computers \& Technology  }, 
publisher={  Butterworths  }, 
address={  London }, 
year={  1987  }, 
pages={  52-67
 }} 
 
@incollection{Gordon88, 
author={ Thomas F. Gordon  }, 
title={  The Importance of Nonmonotonicity for Legal Reasoning  }, 
editor={ H. Fiedler, F. Haft, R. Traunm\"{u}ller  }, 
booktitle={  Expert Systems in Law; Impacts on Legal Theory and Computer Law  }, 
publisher={  Attempto Verlag  }, 
address={  T\"{u}bingen  }, 
year={  1988  }, 
pages={  111-126 
 }} 
 
@incollection{Gordon89a, 
author={ Thomas F. Gordon  }, 
title={  Partial Logic and Default Reasoning  }, 
booktitle={  Aus der Arbeit der Forschungsgruppe Expertensysteme  }, 
publisher={  GMD  }, 
address={  Sankt Augustin }, 
year={  1989 }, 
note={  Arbeitspapier Nr. 337
 }} 
 
@inproceedings{Gordon89b, 
author={ Thomas F. Gordon  }, 
title={  Issue Spotting in a System for Searching Interpretation Spaces  }, 
booktitle={  Proceedings of the Second International Conference on Artificial Intelligence and Law  }, 
organization={  ACM  }, 
month={  June  }, 
year={  1989  }, 
pages={  157-164 
 }} 
 
@inproceedings{Gordon89c, 
author={ Thomas F. Gordon  }, 
title={  A Theory Construction Approach to Legal Document Assembly  }, 
editor={ Antonio A. Martino  }, 
booktitle={  Preproceedings of the Logica, Informatica, Diritto  }, 
organization={  Consiglio Nazionale delle Ricerche  }, 
address={  Florence }, 
month={  November  }, 
year={  1989  }, 
pages={  485-498
 }} 
 
@article{Gordon90a, 
author={ Thomas F. Gordon }, 
title={  K\"{u}nstliche Intelligenz und Recht }, 
journal={  Jur PC }, 
number={  5 }, 
pages={  605-608 }, 
year={  1990
 }} 
 
@article{Gordon90b, 
author={ Thomas F. Gordon }, 
title={  K\"{u}nstliche Intelligenz und Recht (Teil 2) }, 
journal={  Jur PC }, 
number={  6 }, 
pages={  638-639 }, 
year={  1990
 }} 
 
@article{Gordon91a, 
author={ Thomas F. Gordon }, 
title={  An Abductive Theory of Legal Issues }, 
journal={  International Journal of Man-Machine Studies }, 
volume={  35 }, 
pages={  95-118 }, 
month={  July }, 
year={  1991
 }} 
 
@incollection{Gordon91b, 
author={ Thomas F. Gordon  }, 
title={  Artificial Intelligence: A Hermeneutic Defense }, 
editor={ Christiane Floyd  and  Reinhard Budde  and  Reinhard
Keil-Slawik  and  Heinz Z\"{u}llighoven }, 
booktitle={  Software Development and Reality Construction }, 
publisher={  Springer-Verlag }, 
year={  1991 }, 
private={  Still need page numbers. Check rest again
 }} 
 
@book{Grant82, 
author={ Charles W. Grant  and  Jon Butah  }, 
title={  Introduction to the UCSD p-System  }, 
publisher={  Sybex  }, 
year={  1982 
 }} 
 
@masterthesis{Groth87, 
author={ Klaus Groth  }, 
title={  Temporale Logik und die logische Repr\"{a}sentation von Zeitwissen in der KI  }, 
school={  Institut f\"{u}r Informatik, Universit\"{a}t Bonn  }, 
month={  March  }, 
year={  1987 
 }} 
 
@misc{Grundmann, 
author={ Stephan Grundmann  }, 
title={  Collected papers on CAI and legal expert systems 
 }} 
 
@article{Gruner87, 
author={ Richard Gruner  }, 
title={  Thinking Like a Lawyer: Expert Systems for Legal Analysis  }, 
journal={  High Technology Law Journal  }, 
year={  1987  }, 
private={  Seems to be a good overview of the work in the field as of 87.  Gruner is an associate Dean at Whittier School of Law. 
 }} 
 
@techreport{Guesgen87, 
author={ Hans-Werner G\"{u}sgen  and  Joachim Hertzberg  }, 
title={  A Functional View on Constraints  }, 
institution={  GMD  }, 
type={  Arbeitspapier  }, 
number={  252  }, 
month={  June  }, 
year={  1987 
 }} 
 
@book{Habermas71, 
editor={ J\"{u}rgen Habermas  and  Dieter Heinrich  and  Niklas Luhmann  }, 
title={  Hermeneutik und Ideologiekritik  }, 
publisher={  Suhrkamp  }, 
year={  1971 
 }} 
 
@inproceedings{Hafner87, 
editor={ Carole D. Hafner  }, 
title={  The First International Conference on Artificial Intelligence and Law, Proceedings  }, 
organization={  ACM Sigart  }, 
publisher={  ACM Press  }, 
address={  Baltimore  }, 
month={  May  }, 
year={  1987 
 }} 
 
@misc{Hammond, 
author={ Peter Hammond  }, 
title={  Appendix to PROLOG: a language for implementing expert systems  }, 
private={  conference paper; need full reference 
 }} 
 
@book{Hammond89, 
author={ Kristian J. Hammond  }, 
title={  Case-Based Planning  }, 
publisher={  Academic Press  }, 
year={  1989  }, 
private={  describes CHEF 
 }} 
 
@manual{Hammond83, 
author={ Peter Hammond  }, 
title={  APES: A user manual  }, 
year={  1983  }, 
organization={  Imperial College 
 }} 
 
@techreport{Hammwoehner88, 
author={ R. Hammw\"{o}hner  and  R. Kuhlen  and  G. Sonnenberger  and  U. Thiel  }, 
title={  TWRM-Topographic, Ein wissensbasiertes System zur situationsgerechten Aufbereitung und Pr\"{a}sentation von Textinformation in graphischen Retrievaldialogen  }, 
institution={  Universit\"{a}t Konstanz, Informationswissenschaft  }, 
month={  June  }, 
year={  1988 
 }} 
 
@book{Hancock83, 
author={ Les Hancock  and  Morris Krieger  }, 
title={  The C Primer  }, 
publisher={  McGraw-Hill  }, 
year={  1983 
 }} 
 
@inproceedings{Hahn89, 
author={ Udo Hahn }, 
title={  Dialogstrukturen in Gruppendiskussionen, Ein Modell f\"{u}r
argumentative Verhandlungen mehrerer Agenten }, 
editor={ Dieter Metzing }, 
booktitle={  GWAI-89, 13th German Workshop on Artificial Intelligence }, 
address={  Eringerfeld }, 
month={  September }, 
year={  1989 }, 
pages={  410--420
 }} 
 
@techreport{Hanf89, 
author={ Norbert Hanf  }, 
title={  Spezifikation eines THEORIST-Konnektionsbeweisers  }, 
institution={  Technische Hochschule Darmstadt, Fachbereich Informatik  }, 
number={  AIDA-89-05  }, 
month={  October  }, 
year={  1989 
 }} 
 
@unpublished{Hansen82, 
author={ Johs Hansen  }, 
title={  SMARN - A Language for Modelling Norm Structures  }, 
month={  March  }, 
year={  1982  }, 
note={  presented at the international workshop on Formal Methods in Law, GMD-IDR 
 }} 
 
@techreport{Harper86, 
author={ Robert Harper  and  David MacQueen  and  Robin Miller  }, 
title={  Standard ML  }, 
institution={  Dept. of Computer Science, Univ. of Edinburgh  }, 
number={  ECS-LFCS-86-2  }, 
month={  March  }, 
year={  1986 
 }} 
 
@techreport{Harper86b, 
author={ Robert Harper }, 
title={  Introduction to Standard ML }, 
institution={  Dept. of Computer Science, Univ. of Edinburgh }, 
number={  ECS-LRCS-86-14 }, 
month={  November }, 
year={  1986
 }} 
 
@techreport{Harper88, 
author={ Robert Harper  and  Robin Milner  and  Mads Tofte  }, 
title={  The Definition of Standard ML, Version 2  }, 
institution={  Laboratory for Foundations of Computer Science, Department of Computer Science, University of Edinburgh  }, 
year={  1988 
 }} 
 
@incollection{Hart49, 
author={ H. L. A. Hart }, 
title={  The Ascription of Responsibility and Rights }, 
editor={ Antony Flew }, 
booktitle={  Logic and Language: First and Second Series }, 
publisher={  Anchor Books }, 
address={  Garden City }, 
year={  1965 }, 
pages={  151-174
 }} 
 
@book{Hart83, 
author={ H.L.A. Hart  }, 
title={  Essays in Jurisprudence and Philosophy  }, 
publisher={  Oxford University Press  }, 
year={  1983 
 }} 
 
@book{Hart61, 
author={ H.L.A. Hart  }, 
title={  The Concept of Law  }, 
publisher={  Oxford University Press  }, 
year={  1961 
 }} 
 
@incollection{Hayes-Roth78, 
author={ Frederick Hayes-Roth  and  D.A. Waterman  }, 
title={  Principles of Pattern-Directed Inference Systems  }, 
editor={ D.A. Waterman  and  F. Hayes-Roth  }, 
booktitle={  Pattern-Directed Inference Systems  }, 
publisher={  Academic  }, 
year={  1978  }, 
pages={  577-601 
 }} 
 
@article{Hayes-Roth79, 
author={ Barbara Hayes-Roth  and  Frederick Hayes-Roth  }, 
title={  A Cognitive Model of Planning  }, 
journal={  Cognitive Science  }, 
volume={  3  }, 
pages={  275-310  }, 
year={  1979 
 }} 
 
@article{Hayes-Roth85, 
author={ Barbara Hayes-Roth  }, 
title={  A Blackboard Architecture for Control  }, 
journal={  Artificial Intelligence  }, 
volume={  26  }, 
pages={  251-321  }, 
year={  1985 
 }} 
 
@article{Haynes86, 
author={ Christopher T. Haynes  and  Daniel P. Friedman and Mitchell Wand  }, 
title={  Obtaining Coroutines with Continuations  }, 
journal={  Computer Languages  }, 
volume={  11  }, 
number={  3  }, 
pages={  143-153  }, 
year={  1986  }, 
private={  Shows how to implement corountines using continuations in Scheme. 
 }} 
 
@misc{Hein87, 
author={ H.W. Hein  and  G.M. Kellerman  and  S.R. Smith  and  C.G. Thomas  }, 
title={  X-AiD: A Shell for Building Highly Interactive and Adaptive User Interfaces  }, 
year={  1987  }, 
howpublished={  in IJCAI 87, Milan  }, 
private={  draft version 
 }} 
 
@inproceedings{Hein89, 
editor={ Manfred Hein  and  Wolfgang Tank  and  Joachim Hertzberg  }, 
title={  Beitr\"{a}ge zum 3. Workshop Planen und Konfigurieren  }, 
publisher={  GMD  }, 
month={  May  }, 
year={  1989 
 }} 
 
@article{Hertzberg86, 
author={ Joachim Hertzberg  }, 
title={  Planerstellungs-Methoden der K\"{u}nstlichen Intelligenz  }, 
journal={  Informatik-Spektrum  }, 
volume={  9  }, 
pages={  149-161  }, 
year={  1986 
 }} 
 
@techreport{Hertzberg87a, 
author={ Joachim Hertzberg  }, 
title={  Beitr\"{a}ge zum Workshop ``Planen''  }, 
institution={  GMD  }, 
type={  arbeitspapier  }, 
number={  247  }, 
month={  April  }, 
year={  1987  }, 
private={  a collection of papers on planning given at a GMD Workshop 
 }} 
 
@misc{Hertzberg87b, 
author={ Joachim Hertzberg  }, 
title={  Das Projekt PLANEN  }, 
month={  July  }, 
year={  1987  }, 
howpublished={  internal GMD project proposal  }, 
private={  draft? 
 }} 
 
@misc{Hertzberg87c, 
author={ Joachim Hertzberg  }, 
title={  On the Semantics of STRIPS - again  }, 
month={  October  }, 
year={  1987  }, 
private={  draft 
 }} 
 
@unpublished{Hertzberg87d, 
author={ Joachim Hertzberg  }, 
title={  \"{U}ber die Abh\"{a}ngigkeitsstruktur in Pl\"{a}nen  }, 
month={  October  }, 
year={  1987  }, 
note={  draft 
 }} 
 
@techreport{Hertzberg88a, 
author={ Joachim Hertzberg  and  Andreas G\"{u}nter  }, 
title={  Beitr\"{a}ge zum 2. Workshop Planen und Konfigurieren  }, 
institution={  GMD  }, 
type={  Arbeitspapier  }, 
number={  310  }, 
month={  May  }, 
year={  1988 
 }} 
 
@article{Hertzberg88b, 
author={ Joachim Hertzberg  and  Thomas F. Gordon  and  Alexander Horz  }, 
title={  Aktionsplanung, Ein \"{U}berblick \"{U}ber Planungstechniken der K\"{u}nstlichen Intelligenz  }, 
journal={  Zeitschrift f\"{u}r Logistik  }, 
year={  1988 
 }} 
 
@inproceedings{Hertzberg89, 
author={ Joachim Hertzberg  and  Alexander Horz  }, 
title={  Towards a Theory of Conflict Detection and Resolution in Nonlinear Plans  }, 
booktitle={  Proceedings of the IJCAI-89  }, 
address={  Detroit  }, 
year={  1989 
 }} 
 
@techreport{Hewitt82, 
author={ Carl Hewitt  and  Peter de Jong  }, 
title={  Open Systems  }, 
institution={  AI Laboratory, MIT  }, 
month={  December  }, 
year={  1982  }, 
private={  AIM 691 
 }} 
 
@techreport{Hick81, 
author={ Bruno Hick  and  Philippe Tirtiaux  }, 
title={  Systeme Informatique d'Aide au Jugement de Qualification  }, 
institution={  Facultes Universitaries Notre-Dame de la Paix (Namur)  }, 
year={  1981 
 }} 
 
@article{Hill89, 
author={ William C. Hill }, 
title={  The Mind at AI: Horseless Carriage to Clock }, 
journal={  AI Magazine }, 
volume={  Vol. 10 }, 
number={  No. 2 }, 
pages={  28-41 }, 
year={  1989
 }} 
 
@book{Hoare85, 
editor={ C.A.R. Hoare  and  J.C. Shepherdson  }, 
title={  Mathematical Logic and Programming Languages  }, 
publisher={  Prentice-Hall  }, 
series={  International Series in Computer Science  }, 
year={  1985 
 }} 
 
@book{Hobbes51, 
author={ Thomas Hobbes }, 
title={  Leviathan }, 
publisher={  }, 
year={  1651
 }} 
 
@inproceedings{Hoelldobler89, 
author={ Steffen H\"{o}ller  and  Josef Schneeberger }, 
title={  A New Deductive Approach to Planning }, 
editor={ Dieter Metzing }, 
booktitle={  GWAI-89, 13th German Workshop on Artificial Intelligence }, 
address={  Eringerfeld }, 
month={  September }, 
year={  1989 }, 
pages={  63--73
 }} 
 
@techreport{Horn, 
author={ Christian Horn }, 
title={  Interactive Program and Proof Development with NurPRL }, 
institution={  Sektion Mathematik der Humboldt-Universit\"{a}t zu Berlin }, 
type={  Seminarbericht }, 
number={  97 }, 
month={  April }, 
year={  1988
 }} 
 
@techreport{Horn88b, 
author={ Christian Horn }, 
title={  Deduktive Programmierung }, 
institution={  Sektion Mathematik der Humboldt-Universit\"{a}t zu Berlin }, 
type={  Seminarbericht }, 
number={  100 }, 
month={  September }, 
year={  1988
 }} 
 
@masterthesis{Horz88, 
author={ Alexander Horz  }, 
title={  Aufgabenorientierte Hilfe f\"{u}r UNIX-Benutzer, Eine neue Sicht auf Friedlands MOLGEN  }, 
school={  Institut f\"{u}r Informatik, Universit\"{a}t Bonn  }, 
month={  February  }, 
year={  1988 
 }} 
 
@techreport{Hoschka88, 
author={ Peter Hoschka  }, 
title={  Aus der Arbeit der Forschungsgruppe Expertensysteme  }, 
institution={  GMD  }, 
type={  Arbeitspapier  }, 
number={  337  }, 
month={  December  }, 
year={  1988 
 }} 
 
@article{Hohfeld13, 
author={ Wesley Necomb Hohfeld  }, 
title={  Some Fundamental Legal Conceptions as Applied in Judicial Reasoning  }, 
journal={  Yale Law Journal  }, 
pages={  16-59  }, 
year={  1913  }, 
private={  First in a series of two articles of the same title by Hohfeld. 
 }} 
 
@article{Hohfeld17, 
author={ Wesley Necomb Hohfeld  }, 
title={  Fundamental Legal Conceptions as Applied in Judicial Reasoning  }, 
journal={  Yale Law Journal  }, 
volume={  26  }, 
pages={  710-770  }, 
year={  1917  }, 
private={  Second in a series of two articles with the same title by Hohfeld. 
 }} 
 
@book{Holmes81, 
author={ Oliver Wendel Holmes }, 
title={  The Common Law }, 
publisher={  Little, Brown }, 
address={  Boston }, 
year={  1881
 }} 
 
@inproceedings{Hommel86, 
editor={ G. Hommel  and  S. Schindler  }, 
title={  GI-16. Jahrestagung I  }, 
organization={  GI  }, 
publisher={  Springer-Verlag  }, 
address={  Berlin  }, 
month={  October  }, 
year={  1986 
 }} 
 
@techreport{Hommes80, 
author={ F. Hommes  and  W. Kluge  and  H. Schl\"{u}tter  }, 
title={  A Reduction Machine Architecture ...  }, 
institution={  GMD  }, 
type={  internal report  }, 
number={  ISF 80.04  }, 
year={  1980 
 }} 
 
@masterthesis{Hoorens82, 
author={ Jan Hoorens  }, 
title={  Conception, Specification and Prototyping of a Contract Writing Support System  }, 
school={  F.N.D.P. Namur  }, 
year={  1982 
 }} 
 
@inproceedings{ICAIL89, 
key={  ICAIL89  }, 
title={  Proceedings of the Second International Conference on Artificial Intelligence and Law  }, 
publisher={  ACM  }, 
month={  June  }, 
year={  1989  }, 
private={  conference took place in Vancouver, June 13-16 
 }} 
 
@misc{Inoue88, 
author={ Katsumi Inoue  }, 
title={  Pruning Search Trees in Assumption-based Reasoning  }, 
year={  1988  }, 
private={  appears in Avignon-88, need proper reference 
 }} 
 
@misc{Inoue88b, 
author={ Katsumi Inoue  }, 
title={  On the Semantics of Hypothetical Reasoning and Truth Maintenance  }, 
month={  March  }, 
year={  1988  }, 
howpublished={  ICOT  }, 
private={  draft 
 }} 
 
@article{Jackson85, 
author={ Kevin T. Jackson  }, 
title={  Definition in Legal Reasoning  }, 
journal={  Jurimetrics Journal  }, 
pages={  377-386  }, 
year={  1985  }, 
private={  Summer issue 
 }} 
 
@book{Jensen74, 
author={ Kathleen Jensen  and  Niklaus Wirth  }, 
title={  Pascal, User Manual and Report  }, 
edition={  Second  }, 
publisher={  Springer-Verlag  }, 
year={  1974 
 }} 
 
@misc{Jones86, 
author={ Richard Jones  }, 
title={  Papers related to Jones' work on CAI and Legal Expert
Systems while at IBM, Heidelberg  }, 
month={  September  }, 
year={  1986 
 }} 
 
@misc{Jones89, 
author={ Andrew J. I. Jones  }, 
title={  Deontic Logic and Legal Knowledge Representation  }, 
year={  1989  }, 
private={  Paper presented in Bologna, May 3-5 
 }} 
 
@inproceedings{Joshi85, 
editor={ Aravind Joshi  }, 
title={  Proceedings of the Ninth International Joint Conference on Artificial Intelligence  }, 
organization={  IJCAI  }, 
publisher={  Morgan Kaufmann  }, 
address={  Los Altos, California  }, 
month={  August  }, 
year={  1985  }, 
private={  two volumes 
 }} 
 
@unpublished{Junker87, 
author={ Ulrich Junker  }, 
title={  Diskussion und Implementierung eines annahmenbasierten Truth Maintenance Systems  }, 
month={  August  }, 
year={  1987  }, 
note={  Description of Ulli's ATMS implementation 
 }} 
 
@techreport{Junker88, 
author={ Ulrich Junker  }, 
title={  Reasoning in Multiple Contexts  }, 
institution={  GMD  }, 
type={  Arbeitspapier  }, 
number={  334  }, 
month={  September  }, 
year={  1988 
 }} 
 
@techreport{Junker89, 
author={ Ulrich Junker  }, 
title={  EXCEPT: A Rule-Based System for Multiple Contexts, Inconsistencies, and Exceptions  }, 
institution={  GMD  }, 
type={  Arbeitspapier  }, 
number={  371  }, 
month={  February  }, 
year={  1989 
 }} 
 
@misc{Junker89b, 
author={ Ulrich Junker  }, 
title={ Non-Monotonic Theorem Provers for Autoepistemic Logic and Default Logic  }, 
year={  1989  }, 
howpublished={  GMD  }, 
private={  draft 
 }} 
 
@inproceedings{Junker89c, 
author={ Ulrich Junker }, 
title={  A Correct Non-Monotonic ATMS }, 
booktitle={  Proceedings of the International Joint Conference on
Artificial Intelligence }, 
address={  Detroit }, 
year={  1989 }, 
pages={  1049--1054
 }} 
 
@inproceedings{Junker90, 
author={ Ulrich Junker  and  Kurt Konolige }, 
title={  Computing the Extensions of Autoepistemic and Default Logics
with a TMS }, 
booktitle={  to be present at the Third International Workshop on
Nonmonotonic Reasoning }, 
address={  South Lake Tahoe }, 
year={  1990
  }} 
 
@misc{Kamp81, 
author={ Hans Kamp  }, 
title={  A Theory of Truth and Semantic Representation  }, 
year={  1981  }, 
private={  theoretical foundation for the knowledge representation approach used in the LEX project 
 }} 
 
@techreport{Karpf89, 
author={ Jurgen Karpf  }, 
title={  Isomorphic and Top-Down Modelling of Statutory Law  }, 
institution={  Institute for Computer and Systems Science, Cophenhagen School of Economics and Business Administration  }, 
month={  January  }, 
year={  1989  }, 
private={  Extended Abstract 
 }} 
 
@inproceedings{Karpf89b, 
author={ Jurgen Karpf  }, 
title={  The Future and Other Time Issues in Legal Representation  }, 
booktitle={  Proceedings of the Conference on Expert Systems in Law  }, 
address={  Bologna  }, 
month={  May  }, 
year={  1985  }, 
private={  refers to James Allen's approach 
 }} 
 
@inproceedings{Karpf89c, 
author={ Jurgen Karpf }, 
title={  Quality Assurance of Legal Expert Systems }, 
booktitle={  Logica, Informatica, Diritto }, 
organization={  Consiglio Nazionale delle Ricerche  }, 
address={  Florence }, 
year={  1989 }, 
pages={  411-440
 }} 
 
@book{Kaufmann81, 
editor={ Arthur Kaufmann  and  Winfried Hassemar  }, 
title={  Einf\"{u}hrung in Rechtsphilosophie und Rechtstheorie der Gegenwart  }, 
publisher={  C. F. M\"{u}ller  }, 
address={  Heidelberg  }, 
year={  1979 
 }} 
 
@book{Kelly84, 
author={ Al Kelly  and  Ira Pohl  }, 
title={  An Introduction to Programming in C  }, 
publisher={  Benjamin Cummings  }, 
year={  1984 
 }} 
 
@book{Kernighan81, 
author={ Brian W. Kernighan  and  P.J. Plauger  }, 
title={  Software Tools in Pascal  }, 
publisher={  Addison-Wesley  }, 
year={  1981 
 }} 
 
@book{Kernighan84, 
author={ Brian W. Kernighan  and  Rob Pike  }, 
title={  The UNIX Programming Environment  }, 
publisher={  Prentice-Hall  }, 
year={  1984 
 }} 
 
@book{Klug82, 
author={ Ulrich Klug  }, 
title={  Juristische Logik  }, 
publisher={  Springer  }, 
year={  1982 
 }} 
 
@book{Kneale62, 
author={ William Kneale  and  Martha Kneale  }, 
title={  The Development of Logic  }, 
publisher={  Clarendon Press  }, 
year={  1962  }, 
private={  in Christoph Lischka's library 
 }} 
 
@article{Knuth84, 
author={ Donald E. Knuth  }, 
title={  Literate Programming  }, 
journal={  The Computer Journal  }, 
volume={  27  }, 
number={  2  }, 
pages={  97-111  }, 
year={  1984 
 }} 
 
@book{Koers89, 
author={ A. W. Koers  and  D. Kracht  and  J. M. Smith  and  M. C. M. Weusten  }, 
title={  Knowledge based Systems in Law  }, 
publisher={  Kluwer  }, 
address={  P.O. Box 23, 7400 GA Deventer, the Netherlands  }, 
year={  1989 90 6544 421 1 
 }} 
 
@masterthesis{Kopp87, 
author={ J\"{u}rgen Kopp  }, 
title={  Das 1-Clausen-Verfahren in mehrsortiger Logik  }, 
school={  Universit\"{a}t Bonn  }, 
month={  September  }, 
year={  1987 
 }} 
 
@inproceedings{Kornfeld83, 
author={ William A. Kornfeld  }, 
title={  Equality for Prolog  }, 
booktitle={  Proceedings of the IJCAI  }, 
year={  1983  }, 
pages={  514-519 
 }} 
 
@techreport{Kowalewski87, 
author={ Kawalewski  and  Strasser  and  Schneeberger  and  Br\"{a}uer  and  Denzinger  }, 
title={  Teilvorhaben KOKON: Erfahrungen mit Prototyp 1  }, 
institution={  TU-M\"{u}nchen  }, 
type={  Forschungsbericht  }, 
number={  FB-TUM-87-26  }, 
month={  April  }, 
year={  1987  }, 
private={  Contract construction expert system; loaned to Marc
Lauritsen on 2.10.91
 }} 
 
@techreport{Kowalski85, 
author={ Robert Kowalski  and  Marek Sergot  }, 
title={  A Logic-Based Calculus of Events  }, 
institution={  Dept. of Computing, Imperial College, London  }, 
month={  February  }, 
year={  1985 
 }} 
 
@misc{Kowalski86, 
author={ Robert Kowalski  }, 
title={  Database Updates in the Event Calculus  }, 
month={  July  }, 
year={  1986  }, 
howpublished={  Imperial College 
 }} 
 
@misc{Kowalski83, 
author={ Robert Kowalski  }, 
title={  Logic for Expert Systems  }, 
month={  November  }, 
year={  1983  }, 
howpublished={  Imperial College 
 }} 
 
@inproceedings{Kowalski89, 
author={ Robert Kowalski  and  Marek Sergot  }, 
title={  The Use of Logical Models in Legal Problem Solving  }, 
booktitle={  Proceedings of Conference on Expert Systems in Law  }, 
address={  Bologna  }, 
month={  May  }, 
year={  1989 

 }} 
 
@inproceedings{Kracht90, 
editor={ D. Kracht  and  C. N. J. de Vey Mestdagh  and  J. S. Svensson }, 
title={  Legal Knowledge Based Systems }, 
organization={  The Foundation for Legal Knowledge Systems }, 
publisher={  Koninklijke Vermande BV }, 
address={  Lelystad, The Netherlands }, 
year={  1990
 }} 
 
@unpublished{Kramer85, 
author={ Axel Kramer  }, 
title={  A Design of the Oblog User Interface on the Macintosh  }, 
month={  September  }, 
year={  1985  }, 
note={  End report of his Werkvertrag with FS-INFRE. 
 }} 
 
@book{Krawietz84, 
author={ Werner Krawietz  }, 
title={  Recht als Regelsystem  }, 
publisher={  Franz Steiner  }, 
address={  Wiesbaden  }, 
year={  1984 
 }} 
 
@misc{Kriwaczek86, 
author={ Frank Kriwaczek  }, 
title={  A Critical Analysis Program  }, 
year={  1986  }, 
howpublished={  Imperial College  }, 
private={  revised version of chapter in ``micro-Prolog - Programming in Logic'', Prentice-Hall, 1984 
 }} 
 
@misc{Kurokawa, 
author={ Toshiaki Korokawa  }, 
title={  Logic Programming -- What does it bring to the software engineering  }, 
private={  conference paper; need full reference 
 }} 
 
@book{Lamport86, 
author={ Leslie Lamport  }, 
title={  {\LaTeX}, A Document Preparation System }, 
publisher={  Addison-Wesley }, 
year={  1986
 }} 
 
@inproceedings{Lang86, 
author={ Kevin J. Lang  and  Barak A. Pearlmutter  }, 
title={  Oaklisp: an Object-Oriented Scheme with First Class Types  }, 
booktitle={  OOPSLA '86 Proceedings  }, 
organization={  Association of Computing Machinery  }, 
year={  1986 
 }} 
 
@techreport{Latocha, 
author={ Peter Latocha  }, 
title={  Exploration von Aussagenr\"{a}umen, Ein semantischer Anstaz  }, 
institution={  GMD  }, 
type={  Studien  }, 
number={  164  }, 
month={  July  }, 
year={  1989 
 }} 
 
@misc{Lehberger87, 
author={ Kurt Lehberger  }, 
title={  Know-how, ein Auskunfts- und Beratungssystem f\"{u}r Neueinsteiger in die Forschungsgruppe ``Expertensysteme''  }, 
month={  October  }, 
year={  1987  }, 
private={  Prakitumsarbeit 
 }} 
 
@inproceedings{Leith85, 
author={ Philip Leith }, 
title={  Clear Rules and Legal Expert Systems }, 
editor={ Antonio A. Martino  and  Fiorenza Socci Natali }, 
booktitle={  Logica, Informatica, Diritto }, 
organization={  Consiglio Nazionale delle Ricerche  }, 
address={  Florence }, 
year={  1985

 }} 
 
@misc{Leith86, 
author={ Philip Leith  }, 
title={  Artificial Intelligence and the Legal Rule  }, 
month={  April  }, 
year={  1986  }, 
howpublished={  presented at the conference on Technology in Legal Education, University of Warwick 
 }} 
 
@article{Leith86b, 
author={ Philip Leith  }, 
title={  Fundamental Errors in Legal Logic Programming  }, 
journal={  Computer Journal  }, 
volume={  29  }, 
number={  6  }, 
pages={  545-552  }, 
year={  1986 
 }} 
 
@misc{Leith86c, 
author={ Philip Leith  }, 
title={  The Judge and the Mythical Logic of Legislation  }, 
month={  February  }, 
year={  1986 
 }} 
 
@misc{Leith87, 
author={ Philip Leith  }, 
title={  Involvement, Detachment and Programming: The Belief in Prolog  }, 
year={  1987  }, 
private={  need chapter number and publisher 
 }} 
 
@misc{Lenat/a, 
author={ Doug Lenat  and  Mayank Prakash  and  Mary Shepherd  }, 
title={  CYC: Using Common Sense Knowledge to Overcome Brittleness and Knowledge Acquisition Bottlenecks  }, 
private={  need volume and year 
 }} 
 
@misc{Lenat/b, 
author={ Douglas B. Lenat  }, 
title={  Heuretics: Theoretical and Experimental Study of Heuristic Rules  }, 
private={  Conference paper; need full reference 
 }} 
 
@article{Lenat82, 
author={ Douglas B. Lenat  and  William R. Sutherland  and  James Gibbons  }, 
title={  Heurstic Search for New Microcircuit Structures: An Application of Artificial Intelligence  }, 
journal={  AI Magazine  }, 
volume={  Summer  }, 
pages={  17-33  }, 
year={  1982 
 }} 
 
@misc{Letz89, 
author={ Reinhold Letz  and  Johann Schumann  and  Stephan Bayerl  }, 
title={  SETHEO, A SEquential THEOremprover for first order logic, Version 2  }, 
year={  1989  }, 
howpublished={  Forschungsgruppe K\"{u}stliche Intelligenz, Institut f\"{u}r Informatik  }, 
private={  draft of conference paper; which conference? 
 }} 
 
@inproceedings{Levesque89, 
author={ Hector J. Levesque }, 
title={  A Knowledge-Level Account of Abduction }, 
booktitle={  IJCAI-89 }, 
address={  Detroit }, 
year={  1989 }, 
pages={  1061--1067
 }} 
 
@misc{Levi87, 
author={ Paul Levi  }, 
title={  Aufgebenorientierte Planung von Montageoperationen f\"{u}r Autonome Roboter  }, 
year={  1987  }, 
private={  book draft 
 }} 
 
@book{LeVine80, 
author={ Robert LeVine  }, 
title={  The Uniform Commercial Code, An Operational Translation  }, 
publisher={  Browning Publications  }, 
address={  Atlanta  }, 
year={  1980 
 }} 
 
@misc{Lifschitz87, 
author={ Vladimir Lifschitz  }, 
title={  On the Semantics of STRIPS  }, 
year={  1987  }, 
private={  conference paper; need full reference 
 }} 
 
@inproceedings{Lingenfelder89, 
author={ Christoph Lingenfelder  }, 
title={  Structuring Computer Generated Proofs  }, 
booktitle={  IJCAI-89  }, 
address={  Detroit  }, 
year={  1989  }, 
pages={  378--383 
 }} 
 
@misc{Lischka87a, 
author={ Christoph Lischka  }, 
title={  Connectionist Models of Musical Thinking  }, 
year={  1987 
 }} 
 
@article{Lischka87b, 
author={ Christoph Lischka  }, 
title={  Semiotik und Musikwissenschaft  }, 
journal={  Semiotik  }, 
volume={  9  }, 
number={  3  }, 
pages={  345-355  }, 
year={  1987 
 }} 
 
@misc{Lischka87c, 
author={ Christoph Lischka  }, 
title={  \"{U}ber die Geworfenheit kognitiver Systeme, die Blindheit des Wissensingenieurs and Anderes  }, 
year={  1987  }, 
private={  draft 
 }} 
 
@article{Lischka87d, 
author={ Christoph Lischka  }, 
title={  Zeichenwandel in der abendl\"{a}ndischen Musiknotation  }, 
journal={  Semiotik  }, 
volume={  9  }, 
number={  3  }, 
pages={  269-281  }, 
year={  1987 
 }} 
 
@book{Lloyd84, 
author={ J.W. Lloyd  }, 
title={  Foundations of Logic Programming  }, 
publisher={  Springer-Verlag  }, 
year={  1984 
 }} 
 
@article{Lochovsky88, 
author={ F. H. Lochovsky  and  J. S. Hogg  and  S. P. Weiser  and  A. O. Mendelzon  }, 
title={  OTM: Specifying Office Tasks  }, 
journal={  SIGOIS Bulletin  }, 
volume={  9  }, 
number={  2 \& 3  }, 
pages={  46-54  }, 
month={  April \& July  }, 
year={  1988  }, 
private={  Proceedings of the Conference on Office Information Systems, March 23-25, Palo Alto 
 }} 
 
@book{Lorenzen69, 
author={ Paul Lorenzen  }, 
title={  Normative Logic and Ethics  }, 
publisher={  BI-Hochschultaschenb\"{u}cher  }, 
year={  1969  }, 
private={  borrowed from Christoph Lischka 
 }} 
 
@masterthesis{Lorscheid88, 
author={ Gerd Lorscheid  and  Christian Bauer  }, 
title={  Verteiltes Planen verteilter Probleml\"{o}sungen  }, 
school={  Institut f\"{u}r Informatik, Universit\"{a}t Bonn  }, 
year={  1988  }, 
private={  Diplomarbeit 
 }} 
 
@article{Luft85, 
author={ Alfred Lothar Luft  }, 
title={  Pr\"{a}dikation, Regulation und Abstraktion, Ein Beitrag zu den philosophischen und terminologischen Grundlagen der Wissensrepr\"{a}sentation  }, 
journal={  Angewandte Informatik  }, 
pages={  91-100  }, 
month={  March  }, 
year={  1985 
 }} 
 
@inproceedings{Lusk82a, 
author={ Ewing L. Lusk  and  William McCune  and  Ross A. Overbeek  }, 
title={  Logic Machine Architecture: Inference Mechanisms  }, 
booktitle={  Proceedings of the 6th Conference on Automated Deduction  }, 
publisher={  Springer Verlag  }, 
month={  June  }, 
year={  1982  }, 
pages={  85-108 
 }} 
 
@inproceedings{Lusk82b, 
author={ Ewing L. Lusk, William W. McCune  and  Ross A. Overbeek  }, 
title={  Logic Machine Architecture: Kernel Functions  }, 
booktitle={  Proceedings of the 6th Conference on Automated Deduction  }, 
publisher={  Springer Verlag  }, 
month={  June  }, 
year={  1982  }, 
pages={  70-84 
 }} 
 
@article{Lusti86, 
author={ M. Lusti  }, 
title={  Expertensysteme im Recht, eine Einf\"{u}hrung  }, 
journal={  IUR  }, 
volume={  2  }, 
pages={  77-84  }, 
year={  1986 
 }} 
 
@article{Lutze88, 
author={ Rainer Lutze  }, 
title={  Customizing Cooperative Office Procedures by Planning  }, 
journal={  SIGOIS Bulletin  }, 
volume={  9  }, 
number={  2 \& 3  }, 
pages={  63-77  }, 
month={  April \& July  }, 
year={  1988  }, 
private={  Proceedings of the Conference on Office Information Systems, March 23-25, Palo Alto 
 }} 
 
@book{MacCormick78, 
author={ Neil MacCormick  }, 
title={  Legal Reasoning and Legal Theory  }, 
publisher={  Oxford University Press  }, 
series={  Clarendon Law Series  }, 
year={  1978 
 }} 
 
@inproceedings{Mackaay89, 
author={ Ejan Mackaay  and  Daniel Poulin  and  Jacques Fremont  and  Constant Deniger  and  Paul Bratley  }, 
title={  The Logic of Time in Law and Legal Expert Systems  }, 
booktitle={  Proceedings of the Conference on Expert Systems in Law  }, 
address={  Bologna  }, 
month={  May  }, 
year={  1985  }, 
private={  compare with Karpf89; includes short comparison of well-known approaches: McCarthy's, McDermott's, Allen's, Kowalski's and Shoham's 
 }} 
 
@article{Manna86, 
author={ Zohar Manna  and  Richard Waldinger  }, 
title={  Special Relations in Automated Deduction  }, 
journal={  Journal of the ACM  }, 
volume={  33  }, 
number={  1  }, 
pages={  1-59  }, 
month={  January  }, 
year={  1986 
 }} 
 
@book{Manna85, 
author={ Zohar Manna  and  Richard Waldinger  }, 
title={  The Logical Basis for Computer Programming  }, 
publisher={  Addison-Wesley  }, 
year={  1985 
 }} 
 
@inproceedings{Mariani89, 
author={ Paola Mariani  and  Daniela Tiscornia  }, 
title={  Application of an Expert System to Legislative Drafting  }, 
booktitle={  Proceedings of the Conference on Expert Systems in Law  }, 
address={  Bologna  }, 
month={  May  }, 
year={  1985  }, 
private={  includes ``simulated application of norms to hypothetical cases'' 
 }} 
 
@inproceedings{Marshall89, 
author={ Catherine C. Marshall }, 
title={  Representing the Structure of a Legal Argument }, 
booktitle={  The Second Internatinal Conference on Artificial Intelligence
and Law }, 
organization={  ACM }, 
month={  June }, 
year={  1989 }, 
pages={  121--127

 }} 
 
@article{Martelli82, 
author={ Alberto Martelli  and  Ugo Montanari  }, 
title={  An Efficient Unification Algorithm  }, 
journal={  ACM Transactions on Prog. Lang. and Systems  }, 
volume={  4  }, 
number={  2  }, 
pages={  258-282  }, 
month={  April  }, 
year={  1982 
 }} 
 
@inproceedings{Martino81, 
editor={ A. A. Martino  and  E. Maretti  and  C. Ciampi  }, 
title={  Logica, Informatica, Diritto }, 
organization={  Consiglio Nazionale delle Ricerche  }, 
address={  Florence  }, 
month={  April  }, 
year={  1981 
 }} 
 
@book{Martino82, 
editor={ Antonio A. Martino  }, 
title={  Deontic Logic, Computational Linguistics and Legal Information Systems, Volume II  }, 
publisher={  North-Holland  }, 
year={  1982 
 }} 
 
@article{Martins88, 
author={ J. P. Martins  and  S. C. Shapiro }, 
title={  A Model for Belief Revision }, 
journal={  Artificial Intelligence }, 
volume={  35 }, 
number={  1 }, 
pages={  25--80 }, 
year={  1988
 }} 
 
@article{McCarthy80, 
author={ John McCarthy }, 
title={  Circumscription --- A Form of Nonmonotonic Reasoning }, 
journal={  Artificial Intelligence }, 
volume={  13 }, 
pages={  27--39 }, 
year={  1980
 }} 
 
@article{McCarty77, 
author={ L. Thorne McCarty }, 
title={  Reflections on TAXMAN: An Experiment in Artificial
Intelligence and Legal Reasoning }, 
journal={  Harvard Law Review }, 
volume={  90 }, 
number={  5 }, 
year={  1977
 }} 
 
@techreport{McCarty82, 
author={ L. Thorne McCarty  and  N. S. Sridharan }, 
title={  A Computational Theory of Legal Argument }, 
institution={  Laboratory for Computer Science Research, Rutgers University }, 
type={  Technical Report }, 
number={  LRP-TR-13 }, 
year={  1982
 }} 
 
@misc{McCarty86a, 
author={ L. Thorne McCarty  }, 
title={  Clausal Intuitionistic Logic: An Outline  }, 
month={  March  }, 
year={  1986  }, 
private={  draft version of paper submitted to the 1986 Symposium on Logic Programming 
 }} 
 
@techreport{McCarty86b, 
author={ L. Thorne McCarty  }, 
title={  Fixed Point Semantics and Tableau Proof Procedures for a Clausal Intuitionistic Logic  }, 
institution={  Rutgers University  }, 
number={  LRP-TR-18  }, 
month={  September  }, 
year={  1986 
 }} 
 
@inproceedings{McCarty86c, 
author={ L. Thorne McCarty  }, 
title={  Permissions and Obligations: An Informal Introduction  }, 
booktitle={  Logica, Informatica, Diritto  }, 
publisher={  North-Holland  }, 
month={  May  }, 
year={  1986  }, 
private={  draft version 
 }} 
 
@techreport{McCarty87, 
author={ L. Thorne McCarty  }, 
title={  Intelligent Legal Information Systems: An Update  }, 
institution={  Department of Computer Science, Rutgers University  }, 
number={  LRP-TR-20  }, 
month={  May  }, 
year={  1987 
 }} 
 
@article{McCarty88a, 
author={ L. Thorne McCarty  }, 
title={  Clausal Intutionistic Logic, I. Fixed-Point Semantics  }, 
journal={  The Journal of Logic Programming  }, 
volume={  5  }, 
pages={  1-31  }, 
year={  1988 
 }} 
 
@article{McCarty88b, 
author={ L. Thorne McCarty  }, 
title={  Clausal Intutitionistic Logic, II. Tableau Proof Procedures  }, 
journal={  The Journal of Logic Programming  }, 
volume={  5  }, 
pages={  93-132  }, 
year={  1988 
 }} 
 
@techreport{McCarty88c, 
author={ L. Thorne McCarty  }, 
title={  Programming Directly in a Nonmonotonic Logic  }, 
institution={  Computer Science Department, Rutgers University  }, 
number={  LRP-TR-21  }, 
month={  September  }, 
year={  1988  }, 
private={  draft 
 }} 
 
@inproceedings{McCarty89, 
author={ L. Thorne McCarty }, 
title={  A Language for Legal Discourse, I. Basic Features }, 
booktitle={  The Second International Conference on Artificial
Intelligence and Law }, 
organization={  ACM }, 
month={  June }, 
year={  1989 }, 
pages={  180-189
 }} 
 
@book{McCorduck79, 
author={ Pamela McCorduck  }, 
title={  Machines Who Think  }, 
publisher={  W.H. Freeman and Company  }, 
year={  1979  }, 
private={  History of AI 
 }} 
 
@incollection{McDermott78, 
author={ J. McDermott  and  C. Forgy  }, 
title={  Production System Conflict Resolution Strategies  }, 
editor={ D.A. Waterman  and  F. Hayes-Roth  }, 
booktitle={  Pattern-Directed Inference Systems  }, 
publisher={  Academic Press  }, 
year={  1978  }, 
pages={  177-199 
 }} 
 
@article{McDermott82, 
author={ John McDermott  }, 
title={  R1: A Rule-Based Configurer of Computer Systems  }, 
journal={  Artificial Intelligence  }, 
volume={  19  }, 
pages={  39-88  }, 
year={  1982 
 }} 
 
@book{McGilton83, 
author={ Henry McGilton  and  Rachel Morgan  }, 
title={  Introducing the UNIX System  }, 
publisher={  McGraw-Hill  }, 
year={  1983 
 }} 
 
@inproceedings{Meyrowitz86, 
author={ Norman Meyrowitz  }, 
title={  Intermedia: The Architecture and Construction of an Object-Oriented Hypermedia System and Applications Framework  }, 
booktitle={  OOPSLA '86 Proceedings  }, 
month={  September  }, 
year={  1986  }, 
pages={  186-201 
 }} 
 
@misc{Michaelsen, 
author={ Robert H. Michaelsen  }, 
title={  An Expert System for Federal Tax Planning  }, 
private={  TAXADVISOR 
 }} 
 
@article{Michalski86, 
author={ Ryszard S. Michalski  and  Patrick H. Winston  }, 
title={  Variable Precision Logic  }, 
journal={  Artificial Intelligence  }, 
volume={  29  }, 
pages={  121-146  }, 
year={  1986 
 }} 
 
@inproceedings{Miller86, 
author={ D. Miller  and  A. Felty  }, 
title={  An Integration of Resolution and Natural Deduction Theorem Proving  }, 
booktitle={  Proc. AAAI-86  }, 
organization={  AAAI  }, 
address={  Philadelphia, PA  }, 
month={  August  }, 
year={  1986  }, 
pages={  198--202  }, 
private={  external 
 }} 
 
@book{Milner91, 
author={ Robin Milner  and  and Mads Tofte }, 
title={  Commentary on Standard \{ML\} }, 
publisher={  MIT Press }, 
address={  Cambridge, Massachusetts }, 
year={ 	1991
 }} 
 
@book{Minsky86, 
author={ Marvin Minsky  }, 
title={  The Society of Mind  }, 
publisher={  Simon and Schuster  }, 
year={  1986 
 }} 
 
@inproceedings{Missiaen91, 
author={ Lode Missiaen  and  Maurice Bruynooghe }, 
title={  Localized Abductive Planning }, 
booktitle={  Proceedings of the European Workshop on Planning (EWSP) }, 
organization={  GMD }, 
address={  Sankt Augustin }, 
month={  March }, 
year={  1991
 }} 
 
@techreport{Miyachi83, 
author={ T. Miyachi, et. al.  }, 
title={  A Knowledge Assimilation Method for Logic Databases  }, 
institution={  ICOT  }, 
number={  TR-025  }, 
month={  September  }, 
year={  1983 
 }} 
 
@misc{MKRP, 
key={  MKRP  }, 
title={  A list of publications of the Markgraf Karl Refutation Procedure Group of the University of Karlsruhe 
 }} 
 
@misc{ML86, 
key={  ML86  }, 
title={  Standard ML  }, 
year={  1986  }, 
howpublished={  University of Edinburgh  }, 
note={  A collection of various papers about Standard ML 
 }} 
 
@misc{Moencke, 
author={ Ulrich M\"{o}ncke  }, 
title={  Modellierung komplexer rechtlicher Regelungen - dargestellt am Beispeil einer hypothekenrechtlichen Fallgruppe  }, 
note={  Universit\"{a} t des Saarlandes 
 }} 
 
@article{Moore85, 
author={ Robert C. Moore  }, 
title={  Semantical Considerations on Nonmonotonic Logic  }, 
journal={  Artificial Intelligence }, 
volume={  25 }, 
pages={  75--94 }, 
year={  1985 
 }} 
 
@misc{Moses, 
author={ P. D. Moses  }, 
title={  Compiler Generation using Denotational Semantics 
 }} 
 
@misc{Moto-oka83, 
key={  T. Moto-oka  }, 
title={  New Generation Computing  }, 
year={  1983 
 }} 
 
@misc{MRS84, 
author={ Michael R. Genesereth  and  Russell Greiner  and  Milton R. Grinberg  and  David E. Smith  }, 
title={  Manuals for MRS, including the MRS Dictionary, Introduction, Tutor, Casebook and installation instructions.  }, 
year={  1984  }, 
howpublished={  Stanford HPP Reports 
 }} 
 
@techreport{Mukai83, 
author={ Kuniaki Mukai  and  Koichi Furukawa  }, 
title={  An Ordered Linear Resolution Theorem Proving Program in Prolog  }, 
institution={  ICOT  }, 
number={  TM-0027  }, 
month={  September  }, 
year={  1983  }, 
private={  includes Prolog source code 
 }} 
 
@techreport{Mueller86, 
author={ Bernd S. M\"{u}ller  }, 
title={  Lehrmaterial BABYLON, Die Beispielwissensbasen zur Pilsbestimmung  }, 
institution={  GMD  }, 
type={  Arbeitspapier  }, 
number={  221  }, 
month={  Semptember  }, 
year={  1986 
 }} 
 
@misc{Munenori87, 
author={ Hajime Munenori  and  Yoshino Kitahra  }, 
title={  LES - Project  }, 
year={  1987  }, 
private={  about legal expert systems in Japan 
 }} 
 
@inproceedings{Nagel89, 
author={ Stuart S. Nagel  }, 
title={  Spreadsheet Software and Legal Expert Systems  }, 
booktitle={  Proceedings of the Conference on Expert Systems in Law  }, 
address={  Bologna  }, 
month={  May  }, 
year={  1985 
 }} 
 
@misc{Nakashima, 
author={ Hideyuki Nakashima  }, 
title={  Prolog/KR - Language Features  }, 
private={  Proceedings paper; need full reference 
 }} 
 
@techreport{Neidecker85, 
author={ Burkhard Neidecker  }, 
title={  KAP-Maschine: Maschinenmodell Version 0.4  }, 
institution={  Universit\"{a}t Karlsruhe  }, 
month={  November  }, 
year={  1985 
 }} 
 
@article{Newell76, 
author={ A. Newell  and  H. A. Simon  }, 
title={  Computer Science as Empirical Inquiry: Symbols and Search  }, 
journal={  Communications of the ACM  }, 
volume={  19  }, 
number={  3  }, 
month={  March  }, 
year={  1976  }, 
private={  reference for the Physical Symbol System Hypothesis (PSSH) 
 }} 
 
@article{Newell82, 
author={ A. Newell }, 
title={  The Knowledge Level }, 
journal={  Artificial Intelligence }, 
volume={  19 }, 
number={  2 }, 
pages={  87-127 }, 
year={  1982
 }} 
 
@misc{NIAL84, 
author={ M.A. Jenkins  and  J. Glasgow  and  R. Browse  and  C.D. McCrosky  and  Laurie J. Hendren  }, 
title={  NIAL  }, 
year={  1984  }, 
howpublished={  Queen's University  }, 
private={  a collection of reports and articles about NIAL, the Nested Interactive Array Language 
 }} 
 
@book{Niblett80, 
editor={ Brian Niblett  }, 
title={  Computer Science and Law, An Advanced Course  }, 
publisher={  Cambridge University Press  }, 
year={  1980 
 }} 
 
@book{Nida75, 
author={ Eugene A. Nida  }, 
title={  Componential Analysis of Meaning  }, 
publisher={  Mouton Publishers  }, 
series={  Approaches to Semiotics  }, 
volume={  57  }, 
year={  1975 
 }} 
 
@incollection{Nilsson84, 
author={ J.F. Nilsson  }, 
title={  Formal Vienna-Definition Method models of Prolog  }, 
editor={ J.A. Campbell  }, 
booktitle={  Implementations of Prolog  }, 
publisher={  John Wiley \& Sons  }, 
year={  1984  }, 
pages={  281-308 
 }} 
 
@book{Nilsson82, 
author={ Nils J. Nilsson  }, 
title={  Principles of Artificial Intelligence  }, 
publisher={  Tioga Publishing Company  }, 
address={  Palo Alto, California  }, 
year={  1982 
 }} 
 
@inproceedings{Nitta85, 
author={ Katsumi Nitta  and  Juntaro Nagao  }, 
title={  KRIP: a Knowledge Representation System for Laws relating to Industrial Property  }, 
editor={ Eiiti Wada  }, 
booktitle={  Logic Programming '85, Proceedings of the 4th Conference  }, 
publisher={  Springer-Verlag  }, 
year={  1985  }, 
pages={  276-286 
 }} 
 
@misc{Nitta86, 
author={ Katsumi Nitta  and  Juntaro Nagao  and  Tetsuya Mizutori  }, 
title={  KRIP-2: A Knowledge Representation and Inference System for Procedural Law  }, 
year={  1986  }, 
private={  Describes a legal expert system written in a Prolog extended with object-oriented programming concepts 
 }} 
 
@inproceedings{NonMon84, 
key={  NonMon84  }, 
title={  Non-Monotonic Reasoning Workshop  }, 
organization={  AAAI  }, 
month={  October  }, 
year={  1984  }, 
private={  Preproceedings, 2 volumes 
 }} 
 
@techreport{North88, 
author={ N. D. North  }, 
title={  A Denotational Definition of Prolog  }, 
institution={  National Physical Laboratory  }, 
number={  DITC 106/88  }, 
year={  1988 
 }} 
 
@article{Nossum85, 
author={ Rolf Nossum  }, 
title={  Automated Theorem Proving Methods  }, 
journal={  BIT  }, 
volume={  25  }, 
pages={  51-64  }, 
year={  1985  }, 
private={  Automatic Theorem Proving Overview 
 }} 
 
@techreport{Novak83, 
author={ Gordon S. Novak Jr.  }, 
title={  GLISP User's Manual  }, 
institution={  Stanford University  }, 
number={  STAN-CS-82-895  }, 
year={  1983 
 }} 
 
@techreport{Nute86, 
author={ Donald Nute  }, 
title={  LDR: A Logic for Defeasible Reasoning  }, 
institution={  Forschungsstelle f\"{u}r nat\"{u}rlich-sprachliche Systeme  }, 
address={  Universit\"{a}t T\"{u}bingen, \"{O}sterbergstr. 9, T\"{u}bingen  }, 
month={  July  }, 
year={  1986 
 }} 
 
@manual{OSF89a, 
key={  OSF89a  }, 
title={  Motif Programmer's Reference, Part I: Widget Classes  }, 
year={  1989  }, 
organization={  Open Software Foundation 
 }} 
 
@manual{OSF89b, 
key={  OSF89b  }, 
title={  Motif Programmer's Reference, Part II: Other Routines  }, 
year={  1989  }, 
organization={  Open Software Foundation 
 }} 
 
@inproceedings{Osman89, 
author={ Mohamed R. Osman  and  Martha W. Evens  and  Henry Harr  and  James E. Sprowl  }, 
title={  OLGS - An Office Letter Generation System  }, 
booktitle={  Proceedings of the Conference on Expert Systems in Law  }, 
address={  Bologna  }, 
month={  May  }, 
year={  1985 
 }} 
 
@techreport{Patel-Schneider85, 
author={ Peter F. Patel-Schneider  }, 
title={  A Decideable First-Order Logic for Knowledge Representation  }, 
institution={  Palo Alto Research, Schlumberger  }, 
number={  45  }, 
month={  October  }, 
year={  1985 
 }} 
 
@inproceedings{Pattaro89, 
author={ Enrico Pattaro  and  Giorgi Casadei  and  Giovanni Sartor  }, 
title={  An Expert System Project in Environmental Law (IRI-Project)  }, 
booktitle={  Conference on Expert Systems in Law  }, 
address={  Bologna  }, 
month={  May  }, 
year={  1989 
 }} 
 
@inproceedings{Paul87, 
editor={ M. Paul  }, 
title={  Computerintegrierter Arbeitsplatz im B\"{u}ro  }, 
organization={  GI  }, 
publisher={  Springer-Verlag  }, 
address={  Berlin  }, 
month={  October  }, 
year={  1987  }, 
private={  17. Jahrestagung, M\"{u}nchen 
 }} 
 
@article{Paulson85, 
author={ Lawrence C. Paulson  }, 
title={  Lessons learned from LCF: A Survey of Natural Deduction Proofs  }, 
journal={  The Computer Journal  }, 
volume={  28  }, 
number={  5  }, 
pages={  474-479  }, 
year={  1985 
 }} 
 
@article{Paulson86, 
author={ Lawrence C. Paulson  }, 
title={  Natural Deduction as Higher-Order Resolution  }, 
journal={  Journal of Logic Programming  }, 
volume={  3  }, 
pages={  237-258  }, 
year={  1986 
 }} 
 
@book{Paulson87, 
author={ L.C. Paulson  }, 
title={  Logic and Computation, Interactive Proof with Cambridge LCF  }, 
publisher={  Cambridge University Press  }, 
year={  1987 
 }} 
 
@techreport{Paulson88, 
author={ Lawrence C. Paulson  }, 
title={  A Preliminary User's Manual for Isabelle  }, 
institution={  University of Cambridge, Computer Laboratory  }, 
number={  Technical Report No. 133  }, 
month={  May  }, 
year={  1988 
 }} 
 
@article{Paulson89, 
author={ Lawrence C. Paulson }, 
title={  The Foundation of a Generic Theorem Prover }, 
journal={  Journal of Automated Reasoning }, 
volume={  5 }, 
pages={  363-397 }, 
year={  1989 }, 
private={  Isabelle description
 }} 
 
@techreport{Paulson90, 
author={ Lawrence C. Paulson  and  Tobias Nipkow }, 
title={  Isabelle Tutorial and User's Manual }, 
institution={  University of Cambridge, Computer Laboratory }, 
number={  Technical Report No. 189 }, 
month={  January }, 
year={  1990
 }} 
 
@phdthesis{Pednault86, 
author={ Edwin Peter Dawson Pednault }, 
title={  Toward a Mathematical Theory of Plan Synthesis }, 
school={  Stanford University }, 
month={  December }, 
year={  1986
 }} 
 
@misc{Pereira, 
author={ Luis Moniz Pereira  }, 
title={  Logic Control with Logic  }, 
howpublished={  Universidade Nova de Lisboa 
 }} 
 
@book{Perelman79, 
author={ Chaim Perelman  }, 
title={  Juristiche Logik als Argumentationslehre  }, 
publisher={  Karl Alber Verlag }, 
address={  Freiburg/M\"{u}nchen  }, 
year={  1979 
 }} 
 
@book{Perelman79b, 
author={ Chaim Perelman  }, 
title={  Logik und Argumentation  }, 
publisher={  Athen\"{a}um  }, 
address={  K\"{o}nigstein  }, 
year={  1979 
 }} 
 
@inproceedings{Periera83, 
editor={ L.M. Pereira  and  A. Porto  and  L. Monteiro  and  M. Filgueiras  }, 
title={  Proceedings, Logic Programming Workshop '83  }, 
publisher={  Universidada Nova de Lisboa  }, 
address={  Quinta de Torre, Portugal  }, 
month={  June-July  }, 
year={  1983 
 }} 
 
@misc{Perlis, 
author={ Alan J. Perlis  }, 
title={  Epigrams on Programming 
 }} 
 
@techreport{Peterson83, 
author={ Ulrike Petersen  }, 
title={  Elimination von Rekursionen  }, 
institution={  GMD  }, 
type={  Arbeitspapier  }, 
number={  48  }, 
month={  August  }, 
year={  1983 
 }} 
 
@article{Philipps64, 
author={ Lothar Philipps }, 
title={  Rechtliche Regelung und formale Logik }, 
journal={  ARSP }, 
volume={  50 }, 
year={  1964
 }} 
 
@incollection{Philipps89a, 
author={ Lothar Philipps  }, 
title={  Gibt es ein Recht auch f\"{u}r ein Volk von k\"{u}nstlichen Wesen, wenn sie nur Verstand haben?  }, 
editor={ Lothar Philipps  and  Heinrich Scholler  }, 
booktitle={  Jenseits des Funktionalsimus  }, 
publisher={  Decker \& M\"{u}ller  }, 
address={  Heidelberg  }, 
year={  1989 
 }} 
 
@incollection{Philipss89b, 
author={ Lothar Philipps  }, 
title={  Normentheorie  }, 
editor={ Arthur Kaufmann  and  Winfried Hassemer  }, 
booktitle={  Einf\"{u}rung in Rechtsphilosophie und Rechtstheorie der Gegenwart  }, 
chapter={  7  }, 
publisher={  C. F. M\"{u}ller Juristischer Verlag  }, 
address={  Heidelberg  }, 
year={  1989  }, 
pages={  281-293 
 }} 
 
@techreport{Pietrzykowski84, 
author={ T. Pietrzykowski  and  S. Matwin  }, 
title={  PROGRAPH: A Preliminary Report  }, 
institution={  University of Ottawa  }, 
number={  TR-84-07  }, 
month={  April  }, 
year={  1984  }, 
private={  a functional language in which programs are expressed graphically, as pictograms 
 }} 
 
@techreport{Pistor85, 
author={ P. Pistor  and  R. Traunm\"{u}ller  }, 
title={  A Data Base Language for Sets, Lists and Tables  }, 
institution={  Heidelberg Scientific Center, IBM Germany  }, 
number={  TR 85.10.004  }, 
month={  October  }, 
year={  1985 
 }} 
 
@techreport{Plaisted88, 
author={ David A. Plaisted  }, 
title={  Non-Horn Clause Logic Programming without Contrapositives  }, 
institution={  Department of Computer Science, University of North Carolina at Chapel Hill  }, 
month={  January  }, 
year={  1988  }, 
private={  Simplified problem reduction format; similar to natural deduction; I have Plaisted's implementation, in C Prolog; includes benchmarks; should compare with McCarty's Clausal Intuitionistic Logic 
 }} 
 
@article{Poole88, 
author={ David Poole }, 
title={  A Logical Framework for Default Reasoning }, 
journal={  Artificial Intelligence }, 
volume={  36 }, 
number={  1 }, 
year={  1988
 }} 
 
@misc{Porto, 
author={ Antonio Porto  }, 
title={  Epilog: a language for extended programming in logic  }, 
private={  Is a conference contribution but need reference to the conference. 
 }} 
 
@book{Posner77, 
author={ Richard A. Posner }, 
title={  Economic Analysis of Law }, 
edition={  Second }, 
publisher={  Little, Brown and Company }, 
address={  Boston }, 
year={  1977
 }} 
 
@misc{Prakken89, 
author={ Henry Prakken  }, 
title={  Overview of Prakken's Doctoral Research }, 
howpublished={  Computer/Law Institute, Vrije Universiteit Amsterdam 
 }} 
 
@article{Puppe86, 
author={ Frank Puppe  }, 
title={  Expertensysteme  }, 
journal={  Informatik-Spektrum  }, 
volume={  9  }, 
pages={  1-13  }, 
year={  1986 
 }} 
 
@techreport{Puppe83a, 
author={ Franziskus Gerhard Puppe  }, 
title={  MED1, Ein heuristisches Diagnosesystem mit effizienter Kontrollstruktur  }, 
institution={  Universit\"{a}t Kaiserslautern  }, 
number={  MEMO SEKI-83-04  }, 
month={  May  }, 
year={  1983 
 }} 
 
@techreport{Puppe83b, 
author={ Frank Puppe  and  Bernhard Puppe  }, 
title={  Overview of MED1: A Heuristic Diagnostics System with an Efficient Control-Structure  }, 
institution={  Universit\"{a}t Kaiserslautern  }, 
number={  MEMO SEKI-83-02  }, 
year={  1983 
 }} 
 
@book{Quinn78, 
author={ Thomas M. Quinn  }, 
title={  Uniform Commercial Code Commentary and Law Digest  }, 
publisher={  Warren, Gorham \& Lamont  }, 
address={  Boston  }, 
year={  1978 
 }} 
 
@unpublished{Quirchmayr86, 
author={ Gerald Quirchmayr  }, 
title={  Die Stellvertretung (Section 164ff BGB) als OBLOG-Modell  }, 
month={  February  }, 
year={  1986  }, 
note={  result of Gerald's guest researcher contract with FS-INFRE 
 }} 
 
@phdthesis{Quirchmayr89, 
author={ Gerald Quirchmayr  }, 
title={  Die Unterst\"{u}tzung der Inkrementellen Juristischen Fall\"{o}sung durch Wissensbasierte Systeme  }, 
school={  Institut f\"{u}r Informatik, Johannes Kepler Universit\"{a}t  }, 
month={  January  }, 
year={  1989 
 }} 
 
@misc{Raskovsky82, 
author={ Martin R. Raskovsky  }, 
title={  Denotational Semantics as a Specification of Code Generators  }, 
year={  1982  }, 
private={  conference paper; need full reference 
 }} 
 
@book{Rechenberg85, 
author={ P. Rechenberg  and  H. M\"{o}ssenb\"{o}ck  }, 
title={  Ein Compiler-Generator f\"{u}r Mikrocomputer  }, 
publisher={  Carl Hanser Verlag  }, 
address={  M\"{u}nchen  }, 
year={  1985  }, 
private={  Modula-2 based compiler-compiler, includes source code 
 }} 
 
@techreport{Reddy82, 
author={ Y.V. Reddy  and  Mark S. Fox  }, 
title={  KBS: An Artificial Intelligence Approach to Flexible Simulation  }, 
institution={  The Robotics Institute, Caregie-Mellon University  }, 
number={  CMU-RI-TR-82-1  }, 
month={  February  }, 
year={  1982 
 }} 
 
@misc{Reinfrank86, 
author={ Michael Reinfrank  }, 
title={  Reason Maintenance Systems  }, 
month={  November  }, 
year={  1986  }, 
private={  Survery talk presented at the workshop on Truth Maintenance Systems, October 9, in Berlin 
 }} 
 
@inproceedings{Reinfrank88, 
editor={ Michael Reinfrank  }, 
title={  Proceedings of the Second International Workshop on Non-Monotonic Reasoning  }, 
year={  1988  }, 
private={  Conference was held in Grassau, West Germany, June 12-16 
 }} 
 
@article{Reiter80, 
author={ Raymond Reiter }, 
title={  A Logic for Default Reasoning }, 
journal={  Artificial Intelligence }, 
volume={  13 }, 
pages={  81--132 }, 
year={  1980
 }} 
 
@inproceedings{Reiter87, 
author={ Raymond Reiter  and  Johnan de Kleer }, 
title={  Foundations of Assumption-Based Truth Maintenance Systems,
Preliminary Report }, 
booktitle={  Sixth National Conference on Artificial Intelligence }, 
organization={  AAAI }, 
year={  1987 }, 
pages={  183-188
 }} 
 
@manual{Reppy90, 
author={ John H. Reppy }, 
title={  Concurrent Programming with Events }, 
edition={  Version 0.9 }, 
month={  November }, 
year={  1990 }, 
organization={  Department of Computer Science, Cornell University
 }} 
 
@book{Rich83, 
author={ Elain Rich  }, 
title={  Artificial Intelligence  }, 
publisher={  McGraw-Hill  }, 
series={  McGraw-Hill series in artificial intelligence  }, 
year={  1983 
 }} 
 
@inproceedings{Rissland87, 
author={ Edwina L. Rissland }, 
title={  Dimension-Based Analysis of Hypotheticals from Supreme 
Court Oral Argument }, 
booktitle={  The Second International Conference on Artificial
Intelligence and Law }, 
organization={  ACM }, 
month={  June }, 
year={  1989 }, 
pages={  111--120
 }} 
 
@article{Rissland88, 
author={ Edwina Rissland }, 
title={  AI and Legal Reasoning }, 
journal={  AI Magazine }, 
volume={  9 }, 
number={  3 }, 
pages={  45--55 }, 
year={  1988
 }} 
 
@techreport{Roberts77, 
author={ R. Bruce Roberts  and  Ira P. Goldstein  }, 
title={  The FRL Manual  }, 
institution={  MIT, AI Laboratory  }, 
type={  Memo  }, 
number={  409  }, 
year={  1977 
 }} 
 
@article{Robinson65, 
author={ John A. Robinson }, 
title={  A Machine-Oriented Logic Based on the Resolution Principle }, 
journal={  Journal of the American Association of Computing Machinery }, 
volume={  12 }, 
pages={  23--41 }, 
year={  1965
 }} 
 
@book{Roedig69, 
author={ J\"{u}rgen R\"{o}dig }, 
title={  Die Denkform der Alternative in der Jurisprudenz }, 
publisher={  Springer-Verlag }, 
year={  1969
 }} 
 
@book{Roedig80, 
author={ J\"{u}rgen R\"{o}dig }, 
title={  Schriften zur juristischen Logik }, 
publisher={  Springer Verlag }, 
address={  Berlin }, 
year={  1980
 }} 
 
@techreport{Rome87, 
author={ Erich Rome  and  Thomas Uthmann  }, 
title={  KI-Workstations: \"{U}berblick, Marktsituation, Entwicklungstrends  }, 
institution={  GMD  }, 
type={  Study  }, 
number={  118  }, 
month={  Februar  }, 
year={  1987 
 }} 
 
@manual{Rose89, 
author={ Marshall T. Rose  and  John L. Romine  }, 
title={  The Rand MH Message Handling System: User's Manual  }, 
month={  January  }, 
year={  1989 
 }} 
 
@book{Rosenberg76, 
author={ Maurice Rosenberg  and  Jack B. Weinstein  and  Hans Smit  and  Harold L. Korn  }, 
title={  Elements of Civil Procedure  }, 
publisher={  The Foundation Press  }, 
series={  University Casebook Series  }, 
address={  New York  }, 
year={  1976 
 }} 
 
@inproceedings{Rostek85a, 
author={ Lothar Rostek  and  Dietrich Fischer  }, 
title={  An Author's Workstation  }, 
editor={ J.J.H. Miller  }, 
booktitle={  PROTEXT II, Proceedings of the Second International Conference on Text Processing Systems  }, 
publisher={  Boole Press  }, 
month={  October  }, 
year={  1985 
 }} 
 
@inproceedings{Rostek85b, 
author={ Lothar Rostek  and  Dietrich Fischer  }, 
title={  Konzepte f\"{u}r ein thesaurusbasiertes Information Retrieval am Arbeitsplatz  }, 
editor={ J. Krause  and  B. Endres-Niggemeyer  }, 
booktitle={  Sprachverarbeitung in Information und Dokumentation  }, 
organization={  GLDV/GI  }, 
publisher={  Springer Verlag  }, 
month={  March  }, 
year={  1985 
 }} 
 
@book{Sacerdoti77, 
author={ Earl D. Sacerdoti  }, 
title={  A Structure for Plans and Behavior  }, 
publisher={  Elsevier North-Holland  }, 
series={  Artificial Intelligence  }, 
year={  1977 
 }} 
 
@article{Sacerdoti74, 
author={ Earl D. Sacerdoti  }, 
title={  Planning in a Hierarchy of Abstraction Spaces  }, 
journal={  Aritficial Intelligence  }, 
volume={  5  }, 
pages={  115--135  }, 
year={  1974 
 }} 
 
@masterthesis{Sagorny87, 
author={ J\"{u}rgen Sagorny  }, 
title={  SEM - der Versuch einer Reimplementierung von NOAH  }, 
school={  Universit\"{a}t Bonn  }, 
month={  October  }, 
year={  1987 
 }} 
 
@techreport{Sannella89, 
author={ Donald Sannella }, 
title={  Formal program development in Extended ML for the working
programmer. }, 
institution={  Department of Computer Science, University of Edinburgh }, 
number={  ECS-LFCS-89-102 }, 
month={  December }, 
year={  1989
 }} 
 
@inproceedings{Shanahan89, 
author={ Murray P. Shanahan }, 
title={  Prediction is deduction but explanation is abduction }, 
booktitle={  Proceedings of the International Joint Conference on
Artificial Intelligence }, 
year={  1989
 }} 
 
@inproceedings{Sartor91, 
author={ Giovanni Sartor }, 
title={  The Structure of Norm Conditions and Nonmonotonic Reasoning in
Law }, 
booktitle={  Proceedings of the Third International Conference on
Artificial Intelligence and Law }, 
publisher={  ACM Press }, 
address={  Oxford }, 
year={  1991 }, 
pages={  155-164
 }} 
 
@article{Scheifler, 
author={ Robert W. Scheifler  and  Jim Gettys  }, 
title={  The X Window System  }, 
journal={  Transaction on Graphics, ACM  }, 
volume={  63  }, 
year={  1986 
 }} 
 
@misc{Scheschonk82, 
author={ Gert Scheschonk  }, 
title={  Petri-Netze als formale Basis f\"{u}r Informationssysteme  }, 
year={  1982  }, 
howpublished={  Vorlesungsmanuskript, Technische Universit\"{a}t Berlin 
 }} 
 
@misc{Schneider87, 
author={ Michael Schneider  }, 
title={  OBLOG --- Andwendungen  }, 
month={  January  }, 
year={  1987  }, 
howpublished={  Seminar paper 
 }} 
 
@techreport{Schouten89, 
author={ Han Schouten  }, 
title={  SGML*CASE, The Conceptual Schema of Stored Documents  }, 
institution={  Center for Technical and Physical Research in Argiculture  }, 
address={  Wageningen, the Netherlands  }, 
number={  1989-02-21  }, 
year={  1989  }, 
private={  draft 
 }} 
 
@book{Schreiber62, 
author={ R. Schreiber }, 
title={  Logik des Rechts }, 
publisher={  Springer-Verlag }, 
address={  Berlin }, 
year={  1962
 }} 
 
@manual{Schumann90, 
author={ Johann M. Ph. Schumann  and  Norbert Trapp }, 
title={  SETHEO/PARTHEO Users Manual }, 
year={  1990 }, 
organization={  Forschungsgruppe K\"{u}nstliche Intelligenz, Technische Universit\"{a}t M\"{u}nchen
 }} 
 
@techreport{Schwartz80, 
author={ Richard L. Schwartz  and  Peter M. Melliar-Smith  }, 
title={  The Suitability of Ada for Artificial Intelligence Applications  }, 
institution={  SRI International  }, 
month={  May  }, 
year={  1980 
 }} 
 
@techreport{Schweichhart88, 
author={ Karsten Schweichhart  }, 
title={  Das Argument Construction Set  }, 
institution={  GMD  }, 
type={  Arbeitspapier  }, 
number={  348  }, 
month={  November  }, 
year={  1988 
 }} 
 
@article{Scott76, 
author={ Dana Scott  }, 
title={  Data Types as Lattices  }, 
journal={  SIAM J. Comput.  }, 
volume={  5  }, 
number={  3  }, 
pages={  522--587  }, 
month={  September  }, 
year={  1976 
 }} 
 
@incollection{Searle81, 
author={ John R. Searle }, 
title={  Mind, Brains, and Programs }, 
editor={ Douglas R. Hofstadter  and  Daniel C. Dennet }, 
booktitle={  The Mind's I }, 
publisher={  Basic Books }, 
year={  1981
 }} 
 
@book{Sedgewick83, 
author={ Robert Sedgewick  }, 
title={  Algorithms  }, 
publisher={  Addison-Wesley  }, 
series={  Series in Computer Science  }, 
year={  1983 
 }} 
 
@inproceedings{Sernadas87, 
author={ Amilcar Sernadas  and  Cristina Sernadas  }, 
title={  Object-Oriented Specification of Databases: An Algebraic Approach  }, 
editor={ P. Hammersley  }, 
booktitle={  Proceedings of the 13th Conference on Very Large Data Bases  }, 
year={  1987 
 }} 
 
@inproceedings{Sernadas88, 
author={ Cristina Sernadas  and  Jose Fiadeiro  and  Amilcar Sernadas  }, 
title={  Object-Oriented Conceptual Modeling from Law  }, 
editor={ C. Kung  and  R. Meersman  }, 
booktitle={  IFIP WG 2.6/8.1 Working Conference on The Role of Artificial Intelligence in Databases and Information Systems  }, 
publisher={  North-Holland  }, 
year={  1988 
 }} 
 
@inproceedings{Sernadas88b, 
author={ Amilcar Sernadas  and  Jose Fiadeiro  and  Cristina Sernadas  and  H.-D. Ehrich  }, 
title={  Abstract Object Types: A Temporal Perspective  }, 
editor={ A. Pnueli  and  H. Barringer  and  B. Bnieqbal  }, 
booktitle={  Colloquim on Temporal Logic and Specification  }, 
publisher={  Springer-Verlag  }, 
year={  1988 
 }} 
 
@unpublished{Sergot86a, 
author={ Marek Sergot  and  Richard Susskind  }, 
title={  Rule-based Representations of the Law, A Reply to the Sceptic  }, 
month={  May  }, 
year={  1986  }, 
note={  Reply to Philip Leith's article 
 }} 
 
@article{Sergot86b, 
author={ M.J. Sergot  and  F. Sadri  and  R.A. Kowalski  and  F. Kriwaczek  and  P. Hammond  and  H.T. Cory  }, 
title={  The British Nationality Act as a Logic Program  }, 
journal={  Communications of the ACM  }, 
volume={  29  }, 
number={  5  }, 
pages={  370--386  }, 
year={  1986 
 }} 
 
@misc{Sethi82, 
author={ Ravi Sethi  }, 
title={  Control flow aspects of semantics directed compiling (summary)  }, 
year={  1982  }, 
private={  appears to be conference paper; need full reference 
 }} 
 
@inproceedings{Shapiro86, 
editor={ Ehud Shapiro  }, 
title={  Third International Conference on Logic Programming  }, 
publisher={  Springer-Verlag  }, 
month={  July  }, 
year={  1986 
 }} 
 
@book{Sharkey86, 
editor={ N.E. Sharkey  }, 
title={  Advances in Cognitive Science 1  }, 
publisher={  John Wiley \& Sons  }, 
series={  Ellis Horwood Series in Cognitive Science  }, 
address={  New York  }, 
year={  1986 
 }} 
 
@book{Simpson87, 
author={ Rosemary Simpson  }, 
title={  Common Lisp, The Index  }, 
publisher={  Coral Software Corp. and Franz, Inc.  }, 
year={  1987 
 }} 
 
@book{Skinner76, 
author={ B. F. Skinner  }, 
title={  About Behaviorism  }, 
publisher={  Vintage Books  }, 
year={  1974 
 }} 
 
@article{Smith84, 
author={ Edward E. Smith  and  Daniel N. Osherson  }, 
title={  Conceptual Combination with Prototype Concepts  }, 
journal={  Cognitive Science  }, 
volume={  8  }, 
pages={  337--361  }, 
year={  1984 
 }} 
 
@book{Smith88, 
author={ Joan M. Smith  and  Robert Stutely  }, 
title={  SGML: the user's guide to ISO 8879 }, 
publisher={  Ellis Horwood }, 
year={  1988
 }} 
 
@misc{Smith89, 
author={ Scott Smith  }, 
title={  Legal Reasoning by Computers -- The Very Idea  }, 
month={  March  }, 
year={  1989  }, 
private={  Submitted to Fourth Annual Conference on Computers and Philosophy 
 }} 
 
@book{Smullyan84, 
author={ Raymond Smullyan  }, 
title={  Spottdrosseln und Megav\"{o}gel  }, 
publisher={  Wolfgang Kr\"{u}ger Verlag  }, 
year={  1984  }, 
private={  German translation, loaned to Gerhard Oppenhorst 
 }} 
 
@article{Soma83, 
author={ John T. Soma  and  Andrea R. Stern  }, 
title={  A Survey of Computerized Information for Lawyers: Lexis, Juris, Westlaw and Flite  }, 
journal={  Rutgers Computer \& Technology Law Journal  }, 
volume={  9  }, 
pages={  295--314  }, 
year={  1983 
 }} 
 
@book{Sowa83, 
author={ John F. Sowa  }, 
title={  Conceptual Structures  }, 
publisher={  Addison-Wesley  }, 
series={  System Programming Series  }, 
year={  1983 
 }} 
 
@book{Speidel81, 
author={ Richard E. Speidel  and  Robert S. Summers  and  James J. White  }, 
title={  Teaching Materials on Commercial and Consumer Law  }, 
publisher={  West Publishing Company  }, 
series={  American Casebook Series  }, 
year={  1981 
 }} 
 
@inproceedings{Sprowl89, 
author={ James A. Sprowl  }, 
title={  Assembling Standardized Legal Documents in a Semiautomated Fashion with a Rule-Based Expert System  }, 
booktitle={  Proceedings of the Conference on Expert Systems in Law  }, 
address={  Bologna  }, 
month={  May  }, 
year={  1989 
 }} 
 
@article{Sridharan85, 
author={ N.S. Sridharan  }, 
title={  Evolving Systems of Knowledge  }, 
journal={  AI Magazine  }, 
pages={  108--120  }, 
month={  Fall  }, 
year={  1985 
 }} 
 
@inproceedings{Sridharan81, 
author={ N.S. Sridharan  }, 
title={  Representing Knowledge in AIMDS  }, 
booktitle={  Informatica e Diritto  }, 
year={  1981  }, 
pages={  201--221 
 }} 
 
@inproceedings{Stamper89, 
author={ Ronald K. Stamper  }, 
title={  The Role of Semantics in Legal Expert Systems and Legal Reasoning  }, 
booktitle={  Proceedings of the Conference on Expert Systems in Law  }, 
address={  Bologna  }, 
month={  May  }, 
year={  1985  }, 
private={   Argues against predicate logic based legal expert systems in favour of an approach in which agents, intentions and behaviour are primitives, rather than individuals and truth. Discusses the role of metaphor in legal reasoning. Seems to be touching on hermeneutic concerns. 
 }} 
 
@inproceedings{Staudt89, 
author={ Ronald W. Staudt  }, 
title={  Practical Applications of Document Assembly Systems: Uses in Large Firms and Law School Curricula  }, 
booktitle={  Proceedings of the Conference on Expert Systems in Law  }, 
address={  Bologna  }, 
month={  May  }, 
year={  1985 
 }} 
 
@book{Steele84, 
author={ Guy L. Steele, Jr.  }, 
title={  Common Lisp, The Language  }, 
publisher={  Digital Press  }, 
year={  1984 
 }} 
 
@misc{Steels89, 
author={ Luc Steels  }, 
title={  Expert Systems Terminology  }, 
year={  1989  }, 
private={  Excerpt from a session at the workshop on the foundations of expert systems held at the Paco de Gloria, Portugal. 
 }} 
 
@article{Stefik81a, 
author={ Mark Stefik  }, 
title={  Planning with Constraints (MOLGEN: Part 1)  }, 
journal={  Artificial Intelligence  }, 
volume={  16  }, 
pages={  111--140  }, 
year={  1981 
 }} 
 
@article{Stefik81b, 
author={ Mark Stefik  }, 
title={  Planning and Meta-Planning (MOLGEN: Part 2)  }, 
journal={  Artificial Intelligence  }, 
volume={  16  }, 
pages={  141--170  }, 
year={  1981  
 }} 
 
@misc{Steiner90, 
author={ Erich Steiner  and  Elisabeth Meier }, 
title={  Projekt KOMET }, 
year={  1990 }, 
private={  Information about the KOMET project, a GMD/Darmstadt project on machine translation and text generation . Possible cooperation partners for the AC text configuration system.x
 }} 
 
@article{Stickel84, 
author={ Mark E. Stickel }, 
title={  A Prolog Technology Theorem Prover }, 
journal={  New Generation Computing }, 
volume={  2 }, 
number={  4 }, 
pages={  371--383 }, 
year={  1984
 }} 
 
@inproceedings{Stoyan84, 
author={ Herbert Stoyan  }, 
title={  Programming Styles in Artificial Intelligence  }, 
booktitle={  Proceedings of the GWAI-84  }, 
year={  1984  }, 
pages={  154-180 
 }} 
 
@techreport{Strasser87a, 
author={ Andreas Strasser  and  Josef Schneeberger  }, 
title={  Ein Ansatz zur Formalisierung von Recht  }, 
institution={  T\"{u} M\"{u}nchen, Forschungsgruppe K\"{u}nstliche Intelligenz  }, 
month={  May  }, 
year={  1987 
 }} 
 
@techreport{Strasser87b, 
author={ A. Strasser  and  J. Schneeberger  }, 
title={  KOKON: Textbaustein-Sprache  }, 
institution={  T\"{u}-M\"{u}nchen  }, 
type={  Arbeitsbericht  }, 
number={  AB-TUM-87-01  }, 
month={  January  }, 
year={  1987 
 }} 
 
@techreport{Strasser88a, 
author={ Andreas Strasser  }, 
title={  Regelsprache und Textrepr\"{a}sentation in KOKON  }, 
institution={  Technischen Universit\"{a}t M\"{u}nchen  }, 
number={  AB-TUM-88-08  }, 
year={  1988 
 }} 
 
@techreport{Strasser88b, 
author={ Andreas Strasser  and  Stephan Ring  }, 
title={  Eine Taxonomie zum Grundst\"{u}cksverkehrsrecht  }, 
institution={  Technischen Universit\"{a}t M\"{u}nchen  }, 
number={  FB-TUM-88-04  }, 
month={  January  }, 
year={  1988 
 }} 
 
@incollection{Sundholm83, 
author={ G. Sundholm  }, 
title={  Systems of Deduction }, 
editor={ D. Gabbay  and  F. Guenthner }, 
booktitle={  Handbook of Philosophical Logic }, 
publisher={  D. Reidel }, 
year={  1984
 }} 
 
@article{Susskind86, 
author={ Richard E. Susskind  }, 
title={  Expert Systems in Law: A Jurisprudential Approach to Artificial Intelligence and Legal Reasoning  }, 
journal={  The Modern Law Review  }, 
volume={  49  }, 
pages={  168-194  }, 
month={  March  }, 
year={  1986 
 }} 
 
@book{Susskind87, 
author={ Richard E. Susskind  }, 
title={  Expert Systems in Law  }, 
publisher={  Oxford  }, 
year={  1987 
 }} 
 
@inproceedings{Susskind89, 
author={ Richard E. Susskind  }, 
title={  Pragmatism and Purism in Artificial Intelligence and Legal Reasoning  }, 
booktitle={  Proceedings of the Conference on Expert Systems in Law  }, 
address={  Bologna  }, 
month={  May  }, 
year={  1985 
 }} 
 
@book{Sussman75, 
author={ Gerald Jay Sussman  }, 
title={  A Computer Model of Skill Acquisition  }, 
publisher={  American Elsevier  }, 
address={  New York  }, 
year={  1975 
 }} 
 
@misc{Suwa, 
author={ Motoki Suwa  and  Hozumi Tanaka  }, 
title={  A PROLOG Based Production System 
 }} 
 
@book{Tammelo69, 
author={ Ilmar Tammelo }, 
title={  Outlines of Modern Legal Logic }, 
publisher={  Steiner }, 
address={  Wiesbaden }, 
year={  1969
 }} 
 
@incollection{Tammelo81, 
author={ Ilmar Tammelo }, 
title={  Rechtslogik }, 
editor={ A. Kaufmann  and  W. Hassemer }, 
booktitle={  Einf\"{u}rung in Rechtsphilosophie und Rechtstheorie der
Gegenwart }, 
chapter={  8 }, 
publisher={  C. F. M\"{u}ller }, 
address={  Heidelberg }, 
year={  1981 }, 
pages={  120-131
 }} 
 
@misc{Tasso89, 
key={  TASSO89  }, 
title={  TASSO, Technische Assistenzsysteme zur Verarbeitung ungenauen Wissens  }, 
month={  July  }, 
year={  1989  }, 
private={  Vorhabenbeschreibung 
 }} 
 
@article{Tehrani85, 
author={ S. Tehrani  and  G.M. Hijssen  }, 
title={  UCL: A User-Friendly Conceptual Language  }, 
journal={  The Australian Computer Journal  }, 
volume={  17  }, 
number={  4  }, 
pages={  174-180  }, 
year={  1985 
 }} 
 
@techreport{Tenenberg87, 
author={ Josh Tenenberg  }, 
title={  Maintaining Logical Consistency in ABSTRIPS: A Formal Approach  }, 
institution={  Computer Science Department, University of Rochester  }, 
number={  TR 205  }, 
month={  May  }, 
year={  1987 
 }} 
 
@techreport{Tenenberg88, 
author={ Josh D. Tenenberg }, 
title={  Abstraction in Planning }, 
institution={  Computer Science Department, University of Rochester  }, 
type={  Technical Report }, 
number={  TR 250 }, 
month={  May }, 
year={  1988
 }} 
 
@book{Thomas82, 
author={ Rebecca Thomas  and  Jean Yates  }, 
title={  A User Guide to the UNIX System  }, 
publisher={  McGraw-Hill  }, 
year={  1982 
 }} 
 
@misc{Toenshoff87, 
author={ H.K. T\"{o}nshoff, et. al.  }, 
title={  Collected Papers on Computer Aided Process Planning  }, 
year={  1987 
 }} 
 
@techreport{Tofte89, 
author={ Mads Tofte }, 
title={  Four Lecture on Standard ML }, 
institution={  LFCS, Department of Computer Science, University of Edinburgh }, 
number={  ECS-LFCS-89-73 }, 
month={  March }, 
year={  1989
 }} 
 
@article{Topor85, 
author={ R.W. Topor  and  T. Keddis  and  D.W. Wright  }, 
title={  Deductive Database Tools  }, 
journal={  Australian Computer Journal  }, 
volume={  17  }, 
number={  4  }, 
pages={  163-173  }, 
year={  1985 
 }} 
 
@book{Toulmin50, 
author={ Stephan E. Toulmin }, 
title={  The Place of Reason in Ethics }, 
publisher={  Cambridge University Press }, 
year={  1950
 }} 
 
@book{Toulmin58, 
author={ Stephan E. Toulmin  }, 
title={  The Uses of Argument  }, 
publisher={  Cambridge University Press  }, 
year={  1958  }, 
private={  borrowed from Christoph Lischka 
 }} 
 
@book{Touretzky86, 
author={ David S. Touretzky  }, 
title={  The Mathematics of Inheritance Systems  }, 
publisher={  Morgan Kaufmann  }, 
series={  Research Notes in Artificial Intelligence  }, 
year={  1986 
 }} 
 
@book{Townsend85, 
author={ Carl Townsend  }, 
title={  Mastering Excel  }, 
publisher={  Sybex  }, 
address={  Berkeley  }, 
year={  1985 
 }} 
 
@article{Tueni88, 
author={ Michel Tueni  and  Jianzhong Li  and  Pascal Fares  }, 
title={  AMS: A Knowledge-based Approach to Task Representation, Orgranization and Coordination  }, 
journal={  SIGOIS Bulletin  }, 
volume={  9  }, 
number={  2 \& 3  }, 
pages={  78-87  }, 
month={  April \& July  }, 
year={  1988  }, 
private={  Proceedings of the Conference on Office Information Systems, March 23-25, Palo Alto 
 }} 
 
@manual{Turk87, 
author={ Andrew Turk  }, 
title={  ALS Prolog 1.0B1 for the Macintosh  }, 
month={  November  }, 
year={  1987  }, 
organization={  ALS 
 }} 
 
@book{Turow78, 
author={ Scott Turow }, 
title={  One L: An Inside Account of Life in the First Year at Harvard
Law School }, 
publisher={  Penguin }, 
address={  New York }, 
year={  1978
 }} 
 
@inproceedings{Urban84, 
editor={ Joseph E. Urban  }, 
title={  International Symposium on Logic Programming  }, 
organization={  IEEE Computer Society  }, 
publisher={  IEEE Computer Society Press  }, 
month={  February  }, 
year={  1984 
 }} 
 
@phdthesis{vanMelle80, 
author={ William van Melle  }, 
title={  A Domain-Independent System that Aids in Constructing Knowledge-Based Consultation Programs  }, 
school={  Stanford University  }, 
month={  June  }, 
year={  1980  }, 
private={  EMYCIN 
 }} 
 
@misc{vanEmden, 
author={ M.H. van Emden  }, 
title={  Chess end-game advice: a case study in computer utilisation of knowledge  }, 
private={  chapter in book; need full reference 
 }} 
 
@techreport{vanMelle81, 
author={ W. van Melle  and  A.C. Scott  and  J.S. Bennett  and  M. Peairs  }, 
title={  The EMYCIN Manual  }, 
institution={  Dept. of Computer Science, Stanford University  }, 
number={  Report No. STAND-CS-81-885  }, 
month={  October  }, 
year={  1981 
 }} 
 
@book{Varela90, 
author={ Francisco J. Varela }, 
title={  Kognitionswissenschaft-Kognitionstechnik -- Eine Skizze
aktueller Perspektiven }, 
publisher={  Suhrkamp }, 
address={  Frankfurt am Main }, 
year={  1990
 }} 
 
@inproceedings{Vernengo89, 
author={ Roberto J. Vernengo  }, 
title={  Decision Forms and Expert Systems in Law  }, 
booktitle={  Proceedings of the Conference on Expert Systems in Law  }, 
address={  Bologna  }, 
month={  May  }, 
year={  1985  }, 
private={  Faculty of Law, University of Buenos Aires 
 }} 
 
@article{vonWright51, 
author={ George H. von Wright }, 
title={  Deontic Logic }, 
journal={  Mind }, 
volume={  60 }, 
number={  1 }, 
year={  1963
 }} 
 
@book{Wagner70, 
author={ Heinz Wagner }, 
title={  Die moderne Logik in der Jurisprudenz }, 
publisher={  Gehlen }, 
address={  Bad Homburg  }, 
year={  1970
 }} 
 
@inproceedings{Wahlgreen89, 
author={ Peter Wahlgreen  }, 
title={  Swedish Experiences with Decision Support Systems  }, 
booktitle={  Proceedings of the Conference on Expert Systems in Law  }, 
address={  Bologna  }, 
month={  May  }, 
year={  1985  }, 
private={  overview of Swedish legal expert systems projects 
 }} 
 
@techreport{Walther88, 
author={ J\"{u}rgen Walther  }, 
title={  Messungen zur Performanz von Objekt- und Lispsystemen  }, 
institution={  GMD  }, 
type={  WEREX report  }, 
number={  30  }, 
month={  December  }, 
year={  1988 
 }} 
 
@inproceedings{Wagner87, 
editor={ R.R. Wagner  and  R. Traunm\"{u}ller  and  H.C. Mayr  }, 
title={  Informationsbedarfsermittlung und -analyse f\"{u}r den Entwurk von Informationssystemen  }, 
organization={  GI  }, 
publisher={  Springer-Verlag  }, 
year={  1987 
 }} 
 
@book{Waite84, 
author={ William M. Waite  and  Gerhard Goos  }, 
title={  Compiler Construction  }, 
publisher={  Springer-Verlag  }, 
series={  Texts and Monographs in Computer Science  }, 
year={  1984 
 }} 
 
@book{Walter85, 
editor={ Charles Walter  }, 
title={  Computing Power and Legal Reasoning  }, 
publisher={  West Publishing Company  }, 
year={  1985  }, 
private={  Proceedings of the First Annual Conference on Law and Technology held at the Univ. of Houston. Includes my ``object-oriented logic'' paper. 
 }} 
 
@book{Walter88, 
editor={ Charles Walter }, 
title={  Computer Power and Legal Language }, 
publisher={  Quorum Books }, 
year={  1988 }, 
private={  Proceedings of the Second ``Annual'' Conference on Law and
Technology.
 }} 
 
@article{Warmer89, 
author={ Jos Warmer  and  Sylvia van Egmond }, 
title={  The Implementation of the Amsterdam SGML Parser }, 
journal={  Electronic Publishing }, 
volume={  2 }, 
number={  2 }, 
pages={  65-90 }, 
month={  July }, 
year={  1989
 }} 
 
@techreport{Warmer90, 
author={ Jos Warmer  and  Hans van Vliet }, 
title={  Processing SGML documents }, 
institution={  Vrije Universiteit Amsterdam, Faculteit Wiskunde en Informatica }, 
number={  IR-208 }, 
month={  January }, 
year={  1990 }, 
private={  Extension of Amsterdam SGML Parser allowing embedded C
processing instructions
 }} 
 
@misc{Warren, 
author={ David H. D. Warren  and  Luis M. Pereria  }, 
title={  Prolog - The Language and its Implementation Compared with Lisp  }, 
private={  Appears to be a proceedings paper, but need full reference 
 }} 
 
@article{Warren82, 
author={ David H.D. Warren  and  Fernando C.N. Pereira  }, 
title={  An Efficient Easily Adaptable System for Interpreting Natural Language Queries  }, 
journal={  American Journal of Computational Linguistics  }, 
volume={  8  }, 
number={  3-4  }, 
pages={  110-122  }, 
year={  1982 
 }} 
 
@techreport{Warren83, 
author={ David H.D. Warren  }, 
title={  An Abstract Prolog Instruction Set  }, 
institution={  SRI International  }, 
type={  Technical Note  }, 
number={  309  }, 
month={  October  }, 
year={  1983  }, 
note={  loaned to Ulli Junker, 28.1.91
 }} 
 
@incollection{Waterman78, 
author={ D.A. Waterman  and  Frederick Hayes-Roth  }, 
title={  An Overview of Pattern-Directed Inference Systems  }, 
editor={ D.A. Waterman  and  Frederick Hayes-Roth  }, 
booktitle={  Pattern-directed Inference Systems  }, 
publisher={  Academic  }, 
year={  1978  }, 
pages={  3-22 
 }} 
 
@incollection{Waterman78b, 
author={ D.A. Waterman  }, 
title={  Exemplary Programming in RITA  }, 
editor={ D.A. Waterman  and  Frederick Hayes-Roth  }, 
booktitle={  Pattern-directed inference systems  }, 
publisher={  Academic  }, 
year={  1978  }, 
pages={  261-279 
 }} 
 
@article{Waterman86, 
author={ Donald A. Waterman  and  Jody Paul  and  Mark Peterson  }, 
title={  Expert Systems for Legal Decision Making  }, 
journal={  Expert Systems  }, 
volume={  3  }, 
number={  4  }, 
pages={  212-226  }, 
month={  October  }, 
year={  1986 
 }} 
 
@article{Watt86, 
author={ David A. Watt  }, 
title={  Executable Semantic Descriptions  }, 
journal={  Software - Practice and Experience  }, 
volume={  16  }, 
number={  1  }, 
pages={  13-43  }, 
month={  January  }, 
year={  1986  }, 
private={  Describes how to do denotational semantics using ML 
 }} 
 
@book{Weinberger70, 
author={ Ota Weinberger }, 
title={  Rechtslogik. Versuch einer Anwendung moderner Logik auf das
juristische Denken }, 
publisher={  Springer-Verlag }, 
year={  1970
 }} 
 
@book{Weinberger89, 
author={ Ota Weinberger }, 
title={  Rechtslogik }, 
edition={  second }, 
publisher={  Duncker \& Humblot }, 
address={  Berlin }, 
year={  1989
 }} 
 
@article{Weiss78, 
author={ Sholom M. Weiss  and  Casimir A. Kulkowski  and  Saul Amarel  }, 
title={  A Model-Based Method for Computer-Aided Medical Decision-Making  }, 
journal={  Artificial Intelligence  }, 
volume={  11  }, 
pages={  145-172  }, 
year={  1978 
 }} 
 
@book{Weissman67, 
author={ Clark Weissman  }, 
title={  Lisp 1.5 Primer  }, 
publisher={  Dickenson  }, 
series={  Series in Computer and Information Science  }, 
address={  Belmont, California  }, 
year={  1967 
 }} 
 
@book{Weizenbaum76, 
author={ Joseph Weizenbaum  }, 
title={  Computer Power and Human Reason  }, 
publisher={  W.H. Freeman and Co.  }, 
year={  1976 
 }} 
 
@inproceedings{Weule87, 
editor={ Weule  }, 
title={  Workshop 'Planen und Konfigurieren'  }, 
organization={  Universit\"{a}t Karlsruhe  }, 
address={  Karlsruhe  }, 
month={  December  }, 
year={  1987 
 }} 
 
@book{White80, 
author={ James J. White  and  Robert S. Summers  }, 
title={  Handbook of the Law Under the Uniform Commercial Code  }, 
publisher={  West  }, 
series={  American Casebook Series  }, 
year={  1980 
 }} 
 
@article{Wiederin90, 
author={ Ewald Wiederin }, 
title={  Was ist und welche Konsequenten hat ein Normenkonflikt? }, 
journal={  Rechtstheorie }, 
volume={  21 }, 
number={  3 }, 
pages={  311-333 }, 
year={  1990
 }} 
 
@misc{Wieacker, 
author={ Franz Wieacker  }, 
title={  Gesammelte Schriften  }, 
private={  About secondary sources of law. Book recommended by Edgar odenheimer. Need full reference. 
 }} 
 
@techreport{Wiefel89, 
author={ Susanne Wiefel  }, 
title={  Anwendungsbeispiel Immobiliarvertr\"{a}ge: Jura and Knowledge Engineering im Grundlagenforschungsprojekt KOKON  }, 
institution={  Systemtechnik Berner \& Mattner GmbH  }, 
month={  March  }, 
year={  1989 
 }} 
 
@misc{Wielinga, 
author={ B. J. Wielinga  and  J. A. Breuker  }, 
title={  Models of Expertise  }, 
private={  includes discussion of KADS; which conference? 
 }} 
 
@book{Wikstrom87, 
author={ Ake Wikstr\"{o}m  }, 
title={  Functional Programming Using Standard ML  }, 
publisher={  Prentice-Hall  }, 
year={  1987 
 }} 
 
@article{Wilensky84, 
author={ Robert Wilensky  and  Yigal Arens  and  David Chin  }, 
title={  Talking to UNIX in English: An Overview of UC  }, 
journal={  Communications of the ACM  }, 
volume={  27  }, 
number={  6  }, 
pages={  574-593  }, 
month={  June  }, 
year={  1984 
 }} 
 
@inproceedings{Wilson89, 
author={ Eve Wilson  }, 
title={  A System for Experts v. an Expert System  }, 
booktitle={  Proceedings of the Conference on Expert Systems in Law  }, 
address={  Bologna  }, 
month={  May  }, 
year={  1985  }, 
private={  Automatic generation of Guide hypertext documents 
 }} 
 
@article{Wilkins84, 
author={ David E. Wilkins  }, 
title={  Domain-independent Planning: Representation and Plan Generation  }, 
journal={  Artificial Intelligence  }, 
volume={  22  }, 
pages={  269-301  }, 
year={  1984 
 }} 
 
@misc{Wilkins88, 
author={ David E. Wilkins  }, 
title={  Special Issue on Planning  }, 
year={  1988  }, 
howpublished={  Computational Intelligence 
 }} 
 
@book{Willis85, 
author={ W. Daniel Willis  }, 
title={  The Connection Machine  }, 
publisher={  MIT  }, 
series={  Series in Artificial Intelligence  }, 
year={  1985 
 }} 
 
@incollection{Winograd73, 
author={ Terry Winograd }, 
title={  A Procedural Model of Language Understanding }, 
editor={ R. C. Schank  and  K. M. Colby }, 
booktitle={  Computer Models of Thought and Language }, 
publisher={  Freeman }, 
address={  San Francisco }, 
year={  1973
 }} 
 
@book{Winograd86, 
author={ Terry Winograd  and  Fernando Flores  }, 
title={  Understanding Computers and Cognition, A New Foundation for Design  }, 
publisher={  Ablex  }, 
address={  Norwood, New Jersey  }, 
year={  1986 
 }} 
 
@book{Winston81, 
author={ Patrick Henry Winston  and  Berthold Klaus Paul Horn  }, 
title={  LISP  }, 
publisher={  Addison-Wesley  }, 
year={  1981 
 }} 
 
@book{Wirth83, 
author={ Niklaus Wirth  }, 
title={  Programming in Modula-2  }, 
edition={  Second  }, 
publisher={  Springer-Verlag  }, 
series={  Texts and Monographs in Computer Science  }, 
address={  Berlin  }, 
year={  1983 
 }} 
 
@book{Wittgenstein58, 
author={ Ludwig Wittgenstein }, 
title={  Philosophical Investigations }, 
edition={  Third }, 
publisher={  Macmillan }, 
address={  New York }, 
year={  1958
 }} 
 
@book{Wos84, 
author={ Larry Wos  and  Ross Overbeek  and  Ewing Lusk  and  Jim Boyle  }, 
title={  Automated Reasoning, Introduction and Applications  }, 
publisher={  Prentice-Hall  }, 
year={  1984 
 }} 
 
@book{Wos88, 
author={ Larry Wos  }, 
title={  Automated Reasoning; 33 Basic Research Problems  }, 
publisher={  Prentice-Hall  }, 
year={  1988  }, 
private={  limited to clausal theorem proving 
 }} 
 
@article{Wroblewski72, 
author={ Jerzy Wroblewski  }, 
title={  Computers as an aid to the judicial process  }, 
journal={  Systema, International Review for Cybernetics, Informatics and Law  }, 
pages={  57-70  }, 
year={  1972 
 }} 
 
@inproceedings{Zadeh85, 
author={ L.A. Zadeh  }, 
title={  A Formalization of Commonsense Reasoning Based on Fuzzy Logic  }, 
editor={ Brauer  and  Radig  }, 
booktitle={  Informatik-Fachbericht 112, Wissensbasierte Systeme, GI Kongress  }, 
organization={  GI  }, 
publisher={  Springer-Verlag  }, 
year={  1985  }, 
pages={  398-402 
 }} 
 
@inproceedings{Zaniolo84, 
author={ Carlo Zaniolo  }, 
title={  Object-Oriented Programming in Prolog  }, 
booktitle={  International Symposium on Logic Programming  }, 
month={  February  }, 
year={  1984  }, 
pages={  265-270 
 }} 
 
@incollection{Zisman78, 
author={ Michael D. Zisman  }, 
title={  Use of Production Systems for Modeling Asynchronous, Concurrent Processes  }, 
editor={ D.A. Waterman  and  F. Hayes-Roth  }, 
booktitle={  Pattern-Directed Inference Systems  }, 
publisher={  Academic  }, 
year={  1978  }, 
pages={  53-68 
 }} 
 
